

% Publishers % ================================================= |

@String{Academic       = "Academic Press" }
@String{ACM            = "{ACM}" }
@String{ACM-ADDR       = "New York City, NY, USA" }
@String{ACLPub         = "{ACL}" }
@String{ACLPub-ADDR    = "USA" }
@String{AdamHilger     = "Adam Hilger" }
@String{AddisonWesley  = "Addison-Wesley" }
@String{AAAIPub        = "AAAI" }
@String{AAAIPub-ADDR   = "Palo Alto, CA, USA" }
@String{AllynBacon     = "Allyn and Bacon" }
@String{AMS            = "American Mathematical Society" }
@String{Birkhauser     = "Birkha{\"u}ser" }
@String{CambridgePress = "Cambridge University Press" }
@String{CambridgePress-ADDR = "Cambridge, UK" }
@String{Chelsea        = "Chelsea" }
@String{ClaredonPress  = "Claredon Press" }
@String{DoverPub       = "Dover Publications" }
@String{Elsevier        = "Elsevier" }
@String{Elsevier-ADDR        = "Amsterdam, Netherlands" }
@String{Eyolles        = "Eyolles" }
@String{HoltRinehartWinston = "Holt, Rinehart and Winston" }
@String{IEEE           = "IEEE" }
@String{IEEE-ADDR      = "New York City, USA"}
@String{Interscience   = "Interscience" }
@String{JohnsHopkinsPress = "The Johns Hopkins University Press" }
@String{JohnWileySons  = "John Wiley and Sons" }
@String{Macmillan      = "Macmillan" }
@String{MathWorks      = "The Math Works Inc." }
@String{MIT            = "The MIT Press" }
@String{MIT-ADDR       = "Cambridge, MA, USA"}
@String{McGrawHill     = "McGraw-Hill" }
@String{NatBurStd      = "National Bureau of Standards" }
@String{Nature         = "Nature Research" } % formerly known as nature publishing group
@String{Nature-ADDR    = "London, UK" }
@String{NIPS-PUB       = "NIPS Foundation, Inc."}
@String{NIPS-ADDR      = "San Diego, USA" }
@String{NorthHolland   = "North-Holland" }
@String{OxfordPress    = "Oxford University Press" }  %address Oxford or London?
@String{PergamonPress  = "Pergamon Press" }
@String{PlenumPress    = "Plenum Press" }
@String{PMLR           = "PMLR" }
@String{PMLR-ADDR      = "Brookline, USA" }
@String{PrenticeHall   = "Prentice-Hall" }
@String{SAGE           = "SAGE Publications" }
@String{SAGE-ADDR      = "London, UK" }
@String{SIAM           = "{SIAM} Publications" }
@String{SIAM-ADDR      = "Philadelphia, USA" }
@String{Springer       = "Springer-Verlag" }
@String{Springer-ADDR  = "Heidelberg, Germany" }
@String{Taylor         = "Taylor & Francis Group" }
@String{Taylor-ADDR    = "Oxfordshire, UK" }
@String{TexasPress     = "University of Texas Press" }
@String{VanNostrand    = "Van Nostrand" }
@String{WHFreeman      = "W. H. Freeman and Co." }
@String{WileyOL        = "Wiley Online Library" }
@String{Wiley          = "John Wiley \& Sons Ltd." }
@String{Wiley-ADDR     = "New York City, USA" }


% Felix' list % ==================================================|
@String { AAAI          = {Proceedings of the National Conference on Artificial Intelligence (AAAI)} }

@String { AAW           = {Reading, MA, USA} }
@String { ACL           = {Proceedings of the Annual Meeting of the Association for Computational Linguistics} }
@String { ADBIS         = {Advances in Databases and Information Systems (ADBIS)} }
@String { AI            = {Artificial Intelligence} }
@String { AIMAG         = {AI Magazine} }
@String { AMG           = {New York, NY} }
@String { AMK           = {San Francisco, CA, USA} }
@String { APH           = {Englewood Cliffs, NJ, USA} }
@String { ASP           = {Berlin -- Heidelberg -- New York} }
@String { AW            = {Addison-Wesley} }

@String { BigVis        = {International Workshop on Big Data Visual Exploration and Analytics (BigVis)}}
@String { BTW           = {Proceedings of the Conference Datenbanksysteme in B\"uro, Technik und Wissenschaft (BTW)} }
@String { BTW2          = {Proceedings of the Conference Datenbanksysteme in Business, Technologie und Web Technik (BTW)} }

@String { CACM          = {Communications of the ACM} }
@String { CAISE         = {Proceedings of the Conference on Advanced Information Systems Engineering (CAiSE)} }
@String { CDMAKE        = {International IFIP Cross Domain Conference for Machine Learning \& Knowledge Extraction (CD-MAKE)} }
@String { CHI           = {Proceedings of the SIGCHI Conference on Human Factors in Computing Systems (CHI)} }
@String { CHIIR         = {Proceedings of the Conference for Human Information Interaction and Retrieval (CHIIR) }}
@String { CIDR          = {Proceedings of the Conference on Innovative Data Systems Research (CIDR)} }
@String { CIKM          = {Proc. of the Intl. Conference on Information and Knowledge Management (CIKM)} }
@String { COLING = {Proc. of the Intl. Conference on Computational Linguistics (COLING)} }
@String { COMAD         = {Proceedings of the International Conference on Management of Data (COMAD)} }
@String { COOPIS        = {Proceedings of the International Conference on Cooperative Information Systems (CoopIS)} }
@String { CoRR          = {Computing Research Repository (CoRR)} }
@String { CSUR          = {ACM Computing Surveys} }

@String { DASFAA        = {Proc. of the Intl. Conference on Database Systems for Advanced Applications (DASFAA)} }
@String { DBISP2P       = {Proceedings of the International Workshop on Databases, Information Systems and Peer-to-Peer Computing (DBISP2P)} }
@String { DBPL          = {Proceedings of the International Workshop on Database Programming Languages} }
@String { DBSPEKTRUM    = {Datenbank Spektrum} }
@String { DE            = {IEEE Data Engineering Bulletin (DEB)} }
@String { DEB           = {IEEE Data Engineering Bulletin (DEB)} }
@String { DEXA          = {Proceedings of the International Conference on Database and Expert Systems Applications (DEXA)} }
@String { DILS          = {Proceedings of the International Workshop on Data Integration for the Life Sciences (DILS)} }
@String { DKE           = {Data and Knowledge Engineering (DKE)} }
@String { DMKD          = {Data Mining and Knowledge Discovery} }
@String { DOOD          = {Proceedings of the International Conference on Deductive and Object-Oriented Databases (DOOD)} }
@String { DPUNKT        = {dpunkt.verlag, Heidelberg} }
@String { DQCIS         = {Proceedings of the International Workshop on Data Quality in Cooperative Information Systsems (DQCIS)} }

@String { EACL          = {Proceedings of the Conference of the European Chapter of the Association for Computational Linguistics (EACL)} }
@String { ECCV          = {Proceedings of the European Conference on Computer Vision (ECCV)} }
@String { ECIR          = {Proceedings of the European Conference on Information Retrieval (ECIR)} }
@String { ECML          = {Proceedings of the European Conference on Machine Learning (ECML)} }
@String { EDBT          = {Proceedings of the International Conference on Extending Database Technology (EDBT)} }
@String { EFIS          = {Proceedings of the International Workshop on Engineering Federated Information Systems (EFIS)} }
@String { EMNLP         = {Proceedings of the Conference on Empirical Methods in Natural Language Processing (EMNLP)} }
@String { ER            = {Proceedings of the International Conference on Conceptual Modeling (ER)} }
@String { ESWC          = {Proceedings of the Extended Semantic Web Conference (ESWC)} }
@String { EVSR          = {Proceedings of the Workshop on Evaluating Vector-Space Representations for {NLP}} } 

@String { FDBS          = {Proceedings of the Workshop F\"oderierte Datenbanken (FDBS)} }
@String { FOCS          = {Proceedings of the Symposium on Foundations of Computer Science} }
@String { FQAS          = {Proceedings of the International Conference on Flexible Query Answering Systems (FQAS)} }

@String { GD            = {Proceedings of the International Symposium on Graph Drawing (GD)} }

@String { HICSS         = {Proceedings of the Hawaii International Conference on System Sciences (HICSS)} }

@String { IAS           = {Proceedings of the International Symposium on Information Assurance and Security (IAS)} }
@String { ICDE          = {Proceedings of the International Conference on Data Engineering (ICDE)} }
@String { ICDT          = {Proceedings of the International Conference on Database Theory (ICDT)} }
@String { ICDM          = {Proceedings of the International Conference on Data Mining (ICDM)} }
@String { ICLR          = {Proc. of the Intl. Conference on Learning Representations (ICLR)} }
@String { ICML          = {Proceedings of the International Conference on Machine Learning (ICML)} }
@String { IDEAS         = {Proceedings of the International Database Engineering and Applications Symposium (IDEAS)} }
@String { IIS           = {Journal of Intelligent Information Systems} }
@String { IIWEB         = {Proceedings of the International Workshop on Information Integration on the Web (IIWeb)} }
@String { IJCAI         = {Proceedings of the International Joint Conference on Artificial Intelligence (IJCAI)} }
@String { IJCNLP         = {Proceedings of the International Joint Conference on Natural Language Processing (IJCNLP)} }
@String { IJSKM          = {International Journal of Service and Knowledge Management (IJSKM)} }
@String { InfoVis       = {Proceedings of the IEEE Symposium on Information Visualization (InfoVis)}}
@String { IMPACT          = {International Journal of Research in Engineering \& Technology (IMPACT)} }
@String { IQ            = {Proceedings of the International Conference on Information Quality (ICIQ)} }
@String { IQIS          = {Proceedings of the SIGMOD International Workshop on Information Quality for Information Systems (IQIS)} }
@String { IS            = {Information Systems (IS)} }
@String { ISWC          = {Proceedings of the International Semantic Web Conference (ISWC)} }
@String { IUI           = {Proceedings of the International Conference on Intelligent User Interfaces (IUI)} }
@String { IWCF          = {International Workshop on Computational Forensics (IWCF)} }

@String { JACM          = {Journal of the ACM} }
@String { JCDL          = {Proceedings of the Joint Conference on Digital Libraries (JCDL)} }
@String { JDIGLIB       = {Journal of Digital Libraries} }
@String { JDIQ          = {Journal on Data and Information Quality} }
@String { JIIS          = {Journal of Intelligent Information Systems (JIIS)} }
@String { JMLR          = {Journal of Machine Learning Research (JMLR)} }
@String { JMOLBIOL      = {Journal of Molecular Biology} }
@String { JVLC          = {Journal of Visual Languages and Computing (JVLC)}}
@String { JWS           = {Journal of Web Semantics} }

@String { KAIS          = {Knowledge and Information Systems (KAIS)}}
@String { KRDB          = {Proceedings of the International Workshop on Knowledge Represenation Meets Databases (KRDB)} }
@String { KDD           = {Proceedings of the ACM SIGKDD Conference on Knowledge Discovery and Data Mining (KDD)}}
@String { LDOW          = {Proceedings of the Linked Data on the Web Workshop (LDOW)} }
@String { LREC          = {Proceedings of the International Conference on Language Resources and Evaluation (LREC)} }

@String { MG            = {McGraw-Hill, Inc.} }
@String { MIT           = {MIT Press} }
@String { MK            = {Morgan Kaufmann} }

@String { NIPS          = {Proceedings of the Conference on Neural Information Processing Systems (NeurIPS)} }
@String { NAACL         = {Proceedings of the Annual Conference of the North American Chapter of the Association for Computational Linguistics (NAACL)} }
@String { NTII          = {Proceedings of the International Workshop on New Trends in Information Integration (NTII)} }

@String { PACVIS        = {Proceedings of the IEEE Pacific Visualization Conference (PacVis)}}
@String { PDIS          = {Proceeding of the IEEE International Conference on Parallel and Distributed Information Systems (PDIS)} }
@String { PH            = {Prentice-Hall} }
@String { PKDD          = {Proceedings of the European Conference on Principles of Data Mining and Knowledge Discovery (PKDD)} }
@String { PNAS          = {Proceedings of the National Academy of Sciences (PNAS)} }
@String { PODS          = {Proceedingsrxiv of the Symposium on Principles of Database Systems (PODS)} }
@String { PVLDB         = {PVLDB}}

@String { QDB           = {Proceedings of the International Workshop on Quality in Databases (QDB)} }

@String { RIDE          = {Proceedings of the International Workshop on Research Issues in Data Engineering (RIDE)} }
@String { RECSYS          = {Proceedings of the ACM Conference on Recommender Systems (RecSys)} }

@String { SAC           = {Symposium on Applied Computing (SAC)} }
@String { SCIENCE       = {Science} }
@String { SDM           = {Proceedings of the SIAM International Conference on Data Mining (SDM)}}
@String { SIAMJC        = {SIAM Journal on Computing} }
@String { JSIAM         = {Journal of the Society for Industrial and Applied Mathematics} }
@String { SIGIR         = {Proceedings of the ACM SIGIR Conference on Information Retrieval (SIGIR)} }
@String { SIGMOD        = {Proceedings of the ACM SIGMOD Conference on Management of Data (SIGMOD)} }
@String { SIGMODREC     = {SIGMOD Record} }
@String { SODA          = {Proceedings of the ACM-SIAM Symposium on Discrete Algorithms (SODA)} }
@String { SSDBM         = {Proceedings of the International Conference on Scientific and Statistical Database Management (SSDBM)} }
@String { STOC          = {Proceedings of the ACM Symposium on Theory of Computing (STOC)} }

@String { TACL          = {Transactions of the Association for Computational Linguistics (TACL)} }
@String { TAGT          = {Proceedings of the International Workshop on Theory and Application of Graph Transformations (TAGT)} }
@String { TBD           = {IEEE Transactions on Big Data (TBD)} }
@String { TIST          = {ACM Transactions on Intelligent Systems and Technology (TIST)}}
@String { TKDD          = {ACM Transactions on Knowledge Discovery from Data (TKDD)} }
@String { TKDE          = {IEEE Transactions on Knowledge and Data Engineering (TKDE)} }
@String { TODS          = {ACM Transactions on Database Systems (TODS)} }
@String { TOIS          = {ACM Transactions on Information Systems (TOIS)} }
@String { TransCom      = {IEEE Transactions on Computers}}
@String { TVCG          = {IEEE Transactions on Visualization and Computer Graphics (TVCG)} }

@String { VAST          = {Proceedings of the {IEEE} Conference on Visual Analytics Science and Technology (VAST)}}
@String { VDB           = {Proceedings of the International Conference on Visual Database Systems (VDB)} }
@String { VLDB          = {Proceedings of the International Conference on Very Large Databases (VLDB)} }
@String { VLDBJ         = {VLDB Journal} }

@String { WEBDB         = {Proceedings of the ACM SIGMOD Workshop on the Web and Databases (WebDB)} }
@String { WEBKDD        = {SIGKDD Workshop on Web Mining and Web Usage Analysis (WebKDD)} }
@String { WI            = {Proceedings of the IEEE/WIC/ACM International Conference on Web Intelligence (WI)} }
@String { WISE          = {Proceedings of the International Conference on Web Information Systems Engineering (WISE)} }
@String { WITS          = {Proceedings of the Workshop on Information Technologies and Systems (WITS)} }
@String { WSDM          = {Proceedings of the ACM International Conference on Web Search and Data Mining (WSDM)} }
@String { WWW           = {Proceedings of the International World Wide Web Conference (WWW)} }

@inproceedings{uglanova_2020,
  author    = {Inna Uglanova and
               Evelyn Gius},
  title     = {The Order of Things. {A} Study on Topic Modelling of Literary Texts},
  booktitle = {Proceedings of the Workshop on Computational Humanities Research {(CHR)}},
  series    = {{CEUR} Workshop Proceedings},
  volume    = {2723},
  pages     = {57--76},
  publisher = {CEUR-WS.org},
  address={Aachen, Germany},
  year      = {2020}
}

@inproceedings{feng_2010,
  title={A comparison of features for automatic readability assessment},
  author={Feng, Lijun and Jansche, Martin and Huenerfauth, Matt and Elhadad, No{\'e}mie},
  booktitle=COLING,
  pages={276--284},
  publisher = ACLPub,
  address=ACLPub-ADDR,
  year={2010}
}

@article{van_2019,
  title={Vector space explorations of literary language},
  author={van Cranenburgh, Andreas and van Dalen-Oskam, Karina and van Zundert, Joris},
  journal={Language Resources and Evaluation},
  volume={53},
  number={4},
  pages={625--650},
  year={2019},
  publisher={Springer},
  doi       = {10.1007/s10579-018-09442-4}
}

@inproceedings{ashok_2013,
  title={Success with style: Using writing style to predict the success of novels},
  author={Ashok, Vikas Ganjigunte and Feng, Song and Choi, Yejin},
  booktitle=EMNLP,
  pages={1753--1764},
  publisher=ACLPub,
  address=ACLPub-ADDR,
  year={2013}
}

@misc{noauthor_cmu_2013,
	title = {{CMU} {Movie} {Summary} {Corpus}},
	url = {http://www.cs.cmu.edu/~ark/personas/},
	urldate = {2020-11-05},
	year = {2013},	
}

@inproceedings{li_mfecnn_2018,
	title = {{MfeCNN}: {Mixture} {Feature} {Embedding} {Convolutional} {Neural} {Network} for {Data} {Mapping}},
	author={Li, Dingcheng and Huang, Ming and Li, Xiaodi and Ruan, Yaoping and Yao, Lixia},
	booktitle={IEEE Transactions on NanoBioscience},
	volume={17},
	number={3},
	pages={165--171},
	year={2018},
	publisher=IEEE,
	address = IEEE-ADDR,
}

@inproceedings{risch_multi_2021,
  author    = {Julian Risch and Philipp Hager and Ralf Krestel},
  title     = {Multifaceted Domain-Specific Document Embeddings},
  booktitle = {Proceedings of the Conference of the North American Chapter of
               the ACL: Demonstrations (NAACL)},
  pages     = {78--83},
  publisher = ACL,
  address = ACL-ADDR,
  year      = {2021}
}

@inproceedings{risch_book_2018,
	title = {Book {Recommendation} {Beyond} the {Usual} {Suspects}},
	author={Risch, Julian and Garda, Samuele and Krestel, Ralf},
	booktitle={Proceedings of the International Conference on Asian Digital Libraries (ICADL)},
	pages={227--239},
	year={2018},
	publisher= Springer,
	address = Springer-ADDR
}

@inproceedings{mounika_design_2020,
	address = Springer-ADDR,
	title = {Design of {Book} {Recommendation} {System} {Using} {Sentiment} {Analysis}},
	doi = {10.1007/978-981-15-5258-8_11},
	booktitle = {Evolutionary {Computing} and {Mobile} {Sustainable} {Networks}},
	publisher = Springer,
	author = {Mounika, Addanki and Saraswathi, S.},
	editor = {Suma, V. and Bouhmala, Noureddine and Wang, Haoxiang},
	year = {2020},
	pages = {95--101}
}

@inproceedings{zhang_explainable_2020,
	title = {Explainable {Recommendation}: {A} {Survey} and {New} {Perspectives}},
	volume={14},
	DOI={10.1561/1500000066},
	number={1},
	booktitle={Foundations and Trends in Information Retrieval},
	publisher={Now Publishers},
	address={Boston, MA, USA},
	author={Zhang, Yongfeng and Chen, Xu},
	year={2020},
	pages={1–101}
}

@inproceedings{bamman_learning_2013,
	title = {Learning {Latent} {Personas} of {Film} {Characters}},
	author = {Bamman, David and O'Connor, Brendan and Smith, Noah A},
	booktitle=ACL,
	publisher = ACLPub,
	address=ACLPub-ADDR,
	pages={352--361},
	year={2013}
}

@phdthesis{stohler_document_2018,
	address = {Zurich, Switzerland},
	school = {University of Zurich},
	title = {Document {Embedding} {Models} - {A} {Comparison} with {Bag}-of-{Words}},
	author = {Stohler, Robin},
	year = {2018},
	type = {Master-{Thesis}},
}

@inproceedings{lau_empirical_2016,
	title = {An {Empirical} {Evaluation} of doc2vec with {Practical} {Insights} into {Document} {Embedding} {Generation}},
	booktitle = {Proceedings of the {Workshop} on {Representation} {Learning} for {NLP} (RepL4NLP)},
	author = {Lau, Jey Han and Baldwin, Timothy},
	month = jul,
	year = {2016},
	publisher = ACLPub,
	address = ACLPub-ADDR,
}

@article{dai_document_2015,
	title = {Document {Embedding} with {Paragraph} {Vectors}},
	author={Dai, Andrew M and Olah, Christopher and Le, Quoc V},
	journal={arXiv preprint arXiv:1507.07998},
	year={2015}
}

@inproceedings{wu_word_2018,
	title = {Word {Mover}'s {Embedding}: {From} {Word2Vec} to {Document} {Embedding}},
	author = {Wu, Lingfei and Yen, Ian E. H. and Xu, Kun and Xu, Fangli and Balakrishnan, Avinash and Chen, Pin-Yu and Ravikumar, Pradeep and Witbrock, Michael J.},
	month = oct,
	booktitle = EMNLP,
	address = ACLPub-ADDR,
	publisher = ACLPub,
	year = {2018}	
}

@article{gawade_summarized_2020,
	title = {Summarized {Audio} {Book} {Recommendation} {System} with {Open} {Source} {Data}},
	volume = {8},
	number = {4},
	journal = IMPACT,
	author = {Gawade, Akshata and Kadam, Shraddha and Siddiqui, Saif and Bhagat, Babita},
	year = {2020},
}

@article{tsuji_book_2020,
	title = {Book {Recommendation} to {Wikipedia} {Article} {Readers} in a {University} {Library}},
	volume = {4},
	number = {1},
	journal = IJSKM,
	author = {Tsuji, Keita},
	year = {2020},
	pages = {41--60},
}

@article{sariki_book_2018,
	title = {{A} {Book} {Recommendation} {System} {Based} on {Named} {Entities}},
	journal={Annals of Library and Information Studies (ALIS)},
	author = {Sariki, Tulasi and Kumar, B.G.},
	month = mar,
	volume={65},
	number={1},
	pages={77--82},
	year={2018}
}

@incollection{proper_building_2019,
	title = {Building {Information} {Systems} {Using} {Collaborative}-{Filtering} {Recommendation} {Techniques}},
	volume = {349},
	author={Nguyen, Phuong T. and Di Rocco, Juri and Di Ruscio, Davide},
	booktitle=CAISE,
	pages={214--226},
	year={2019},
	publisher= Springer,
	address = Springer-ADDR,
}

@phdthesis{hedlund_comparison_2020,
	title = {A {Comparison} between {Different} {Recommender} {System} {Approaches} for a {Book} and an {Author} {Recommender} {System}},
	author = {Hedlund, Jesper and Nilsson Tengstrand, Emma},
	address = {Linköping, Sweden},
	school = {Linköping University},
	year = {2020}	
}


@inproceedings{milton_dont_2020,
	title={`Don’t judge a book by its cover': Exploring book traits children favor},
	author={Milton, Ashlee and Batista, Levesson and Allen, Garrett and Gao, Siqi and Ng, Yiu-Kai D. and Pera, Maria Soledad},
	booktitle=RECSYS,
	publisher= ACM,
	address = ACM-ADDR,
	pages={669--674},
	year={2020}
}

@article{biswas_fast_2018,
	title = {A {Fast} and {Scalable} {Recommender} {System} using {Collaborative} {Filtering} {Technique} in {Python} {Scikit}-{learn}},
	author = {Biswas, Bidhan and Chaudhury, Tasnim Haider and Mohammad, Sheikh Nabil},
	year = {2018}
}

@article{fantozzi_recommending_2020,
	title = {Recommending {Tasks} in {Online} {Judges} using {Autoencoder} {Neural} {Networks}},
	author = {Fantozzi, Paolo and Laura, Luigi},
	year = {2020}
}

@inproceedings{ould-amer_word_2016,
	title = {Word {Embedding} for {Social} {Book} {Suggestion}},
	author = {Ould-Amer, Nawal and Mulhem, Philippe and Géry, Mathias and Abdulahhad, Karam},
	year = {2016},
	pages = {1--10},
	address={-},
	publisher={-},
	booktitle = {Proceedings of the Conference and Labs of the Evaluation Forum (CLEF)},
	volume = {1609},
}

@inproceedings{zhang_multi-view_2013,
	author = {Zhang, Wei and Zhang, Ke and Gu, Pan and Xue, Xiangyang},
	title = {Multi-{View} {Embedding} {Learning} for {Incompletely} {Labeled} {Data}},
	year = {2013},
	isbn = {9781577356332},
	booktitle = IJCAI,
	pages = {1910–1916},
	numpages = {7},
	publisher = AAAIPub,
	address = AAAIPub-ADDR,
}

@inproceedings{gong_multi-view_2013,
	title = {A {Multi}-{View} {Embedding} {Space} for {Modeling} {Internet} {Images}, {Tags}, and their {Semantics}},
	author={Gong, Yunchao and Ke, Qifa and Isard, Michael and Lazebnik, Svetlana},
	booktitle={International Journal of Computer Vision},
	volume={106},
	number={2},
	pages={210--233},
	year={2014},
	publisher= Springer,
	address = Springer-ADDR,
}

@article{fu_transductive_2015,
	title = {Transductive {Multi}-{View} {Zero}-{Shot} {Learning}},
	author={Fu, Yanwei and Hospedales, Timothy M and Xiang, Tao and Gong, Shaogang},
	journal={IEEE Transactions on Pattern Analysis and Machine Intelligence},
	volume={37},
	number={11},
	pages={2332--2345},
	year={2015},
	publisher=IEEE,
	address= IEEE-ADDR,
}

@article{cao_generalized_2018,
	title = {Generalized {Multi}-{View} {Embedding} for {Visual} {Recognition} and {Cross}-{Modal} {Retrieval}},
	author={Cao, Guanqun and Iosifidis, Alexandros and Chen, Ke and Gabbouj, Moncef},
	journal={IEEE Transactions on Cybernetics},
	volume={48},
	number={9},
	pages={2542--2555},
	year={2017},
	publisher=IEEE,
	address= IEEE-ADDR,
}

@inproceedings{kursuncu_whats_2018,
	title = {{What}'s ur type? {Contextualized} {Classification} of {User} {Types} in {Marijuana}-{Related}{Communications} using {Compositional} {Multiview} {Embedding}},
	author={Kursuncu, Ugur and Gaur, Manas and Lokala, Usha and Illendula, Anurag and Thirunarayan, Krishnaprasad and Daniulaityte, Raminta and Sheth, Amit and Arpinar, I Budak},
	booktitle=WI,
	pages={474--479},
	year={2018},
	publisher=IEEE,
	address= IEEE-ADDR,
}

@inproceedings{zhang_multi-view_2019,
	title = {Multi-{View} {Knowledge} {Graph} {Embedding} for {Entity} {Alignment}},
	author={Zhang, Qingheng and Sun, Zequn and Hu, Wei and Chen, Muhao and Guo, Lingbing and Qu, Yuzhong},
	year={2019},
	booktitle = IJCAI,
	publisher = AAAIPub,
	address = AAAIPub-ADDR,        
	pages     = {5429--5435},
	year      = {2019},
}

@article{dhillon_multi-view_2011,
	title = {Multi-{View} {Learning} of {Word} {Embeddings} via {CCA}},
	author = {Dhillon, Paramveer and Foster, Dean P and Ungar, Lyle H},
	year = {2011}
}

@inproceedings{ding_multi-view_2017,
	address = ACLPub-ADDR,
	title = {Multi-{View} {Unsupervised} {User} {Feature} {Embedding} for {Social} {Media}-{Based} {Substance} {Use} {Prediction}},
	doi = {10.18653/v1/D17-1241},
	booktitle = EMNLP,
	publisher = ACLPub,
	author = {Ding, Tao and Bickel, Warren K. and Pan, Shimei},
	year = {2017},
	pages = {2275--2284},
}

@inproceedings{zhang_ensemble_2015,
	title = {Ensemble {Manifold} {Regularized} {Sparse} {Low}-{Rank} {Approximation} for {Multiview} {Feature} {Embedding}},
	author={Zhang, Lefei and Zhang, Qian and Zhang, Liangpei and Tao, Dacheng and Huang, Xin and Du, Bo},
	booktitle={Pattern Recognition},
	volume={48},
	number={10},
	pages={3102--3112},
	year={2015},
	publisher=Elsevier,
	address=Elsevier-ADDR,
}

@inproceedings{fu_transductive_2014,
	title = {Transductive {Multi}-{View} {Embedding} for {Zero}-{Shot} {Recognition} and {Annotation}},
	doi = {10.1007/978-3-319-10605-2_38},
	booktitle = ECCV,
	publisher= Springer,
	address = Springer-ADDR,
	author = {Fu, Yanwei and Hospedales, Timothy M. and Xiang, Tao and Fu, Zhenyong and Gong, Shaogang},
	editor = {Fleet, David and Pajdla, Tomas and Schiele, Bernt and Tuytelaars, Tinne},
	year = {2014},
	pages = {584--599},
}

@inproceedings{sang_multi-modal_2019,
	title = {Multi-{Modal} {Multi}-{View} {Bayesian} {Semantic} {Embedding} for {Community} {Question} {Answering}},
	volume = {334},
	doi = {10.1016/j.neucom.2018.12.067},
	booktitle = {Neurocomputing},
	author = {Sang, Lei and Xu, Min and Qian, ShengSheng and Wu, Xindong},
	month = mar,
	year = {2019},
	publisher = Elsevier,
	address=Elsevier-ADDR,
	pages = {44--58},
}

@inproceedings{luo_pre-trained_2014,
	title = {Pre-{Trained} {Multi}-{View} {Word} {Embedding} {Using} {Two}-{Side} {Neural} {Network}},
	author = {Luo, Yong and Tang, Jian and Yan, Jun and Xu, Chao and Chen, Zheng},
	booktitle = AAAI,
	publisher = AAAIPub,
	address = AAAIPub-ADDR, 
	volume={28},
	pages = {1982–1988},
	issue={1},
	year={2014}
}

@article{fathian_clear_2020,
	title = {{CLEAR}: {A} {Consistent} {Lifting}, {Embedding}, and {Alignment} {Rectification} {Algorithm} for {Multi}-{View} {Data} {Association}},
	author={Fathian, Kaveh and Khosoussi, Kasra and Tian, Yulun and Lusk, Parker and How, Jonathan P.},
	journal={IEEE Transactions on Robotics},
	volume={36},
	number={6},
	pages={1686--1703},
	year={2020},
	publisher=IEEE,
	address= IEEE-ADDR,
}

@article{wadikar_book_2020,
	title = {Book {Recommendation} {Platform} using {Deep} {Learning}},
	volume = {07},
	journal = {International Journal of Engineering and Technology},
	author = {Wadikar, Dhanashri and Kumari, Nandani and Bhat, Ranjana and Shirodkar, Vaishali},
	month = jul,
	year = {2020},
	pages = {6764--6770},
}

@techreport{ananth_movie_2020,
	address = {Rochester, NY},
	title = {A {Movie} and {Book} {Recommender} {System} using {Surprise} {Recommendation}},
	number = {ID 3551032},
	institution = {Social Science Research Network},
	author = {Ananth, GS and Raghuveer, K},
	month = feb,
	year = {2020},
	doi = {10.2139/ssrn.3551032},
}

@article{park_literature_2011,
	title = {A {Literature} {Review} and {Classification} of {Recommender} {Systems} on {Academic} {Journals}},
	volume = {17},
	journal = {Journal of Intelligence and Information Systems},
	author = {Park, Deuk-Hee and Kim, Hyea-Kyeong and Choi, Il-Young and Kim, Jae Kyeong},
	month = jan,
	year = {2011},
}

@article{wang_literature_2020,
	title = {A {Literature} {Review} and {Classification} of {Book} {Recommendation} {Research}},
	volume = {5},
	doi = {10.35631/JISTM.516002},
	journal = {Journal of Information System and Technology Management},
	author = {Wang, Feng and Zhang, Lingling and Xu, Xin},
	month = mar,
	year = {2020},
	pages = {15--34},
}

@article{li_review_2009,
	title = {Review of {Digital} {Library} {Book} {Recommendation} {Models}},
	doi = {10.2139/ssrn.1513415},
	journal = {SSRN Electronic Journal},
	author = {Li, Hui and Gu, Yan and Koul, Saroj},
	month = nov,
	year = {2009}
}

@inproceedings{bao_readers_2017,
	title = {Reader’s {Choice}},
	volume = {10179},
	booktitle = DASFAA,
	publisher= Springer,
	address = Springer-ADDR,
	author = {Dey, Sayar Kumar and Fahrnberger, Günter},
	editor = {Bao, Zhifeng and Trajcevski, Goce and Chang, Lijun and Hua, Wen},
	year = {2017},
	doi = {10.1007/978-3-319-55705-2_19},
	pages = {243--255},
}

% inproceedings{kurmashov_online_2015,
	title = {Online {Book} {Recommendation} {System}},
	doi = {10.1109/ICECCO.2015.7416895},
	booktitle = {Proceedings of the {International} {Conference} on {Electronics} {Computer} and {Computation} ({ICECCO})},
	author = {Kurmashov, Nursultan and Latuta, Konstantin and Nussipbekov, Abay},
	month = sep,
	year = {2015},
	pages = {1--4},
	address={-},
	publisher={-}
	
}

@inproceedings{nishioka_research_2018,
	address = ACM-ADDR,
	title = {Research {Paper} {Recommender} {System} for {University} {Students} on the {E}-{Book} {System}},
	doi = {10.1145/3197026.3203882},
	booktitle = JCDL,
	publisher= ACM,
	author = {Nishioka, Chifumi and Ogata, Hiroaki},
	month = may,
	year = {2018},
	pages = {369--370},
}


@inproceedings{pera_what_2013,
	address = ACM-ADDR,
	title = {What to {Read} {Next}? {Making} {Personalized} {Book} {Recommendations} for {K}-12 {Users}},
	doi = {10.1145/2507157.2507181},
	booktitle = RECSYS,
	publisher = ACM,
	author = {Pera, Maria Soledad and Ng, Yiu-Kai},
	month = oct,
	year = {2013},
	pages = {113--120},
}

@inproceedings{vaz_improving_2012,
	address = ACM-ADDR,
	title = {Improving a {Hybrid} {Literary} {Book} {Recommendation} {System} through {Author} Ranking},
	booktitle = JCDL,
	publisher = ACM,
	author = {Vaz, Paula Cristina and Martins de Matos, David and Martins, Bruno and Calado, Pavel},
	month = jun,
	year = {2012},
	pages = {387--388},
}

@article{nunez-valdez_creating_2015,
	title = {Creating {Recommendations} on {Electronic} {Books}: {A} {Collaborative} {Learning} {Implicit} {Approach}},
	volume = {51},
	doi = {10.1016/j.chb.2014.10.057},
	journal = {Computers in Human Behavior},
	author = {Núñez-Valdez, Edward Rolando and Lovelle, Juan Manuel Cueva and Hernández, Guillermo Infante and Fuente, Aquilino Juan and Labra-Gayo, José Emilio},
	month = oct,
	year = {2015},
	pages = {1320--1330}	
}

@article{zhang_tree2vector_2018,
	title = {{Tree2Vector}: {Learning} a {Vectorial} {Representation} for {Tree}-{Structured} {Data}},
	author={Zhang, Haijun and Wang, Shuang and Xu, Xiaofei and Chow, Tommy WS and Wu, QM Jonathan},
	journal={IEEE Transactions on Neural Networks and Learning Systems},
	volume={29},
	number={11},
	pages={5304--5318},
	year={2018},
	publisher=IEEE,
	address= IEEE-ADDR,
}

@inproceedings{alharthi_authorship_2018,
	title = {Authorship {Identification} for {Literary} {Book} {Recommendations}},
	booktitle = COLING,
	author = {Alharthi, Haifa and Inkpen, Diana and Szpakowicz, Stan},
	year = {2018},
	pages={390--400},
	address=ACLPub-ADDR,
	publisher=ACLPub
}

@article{zhang_locality_2018,
	title = {Locality {Reconstruction} {Models} for {Book} {Representation}},
	author={Zhang, Haijun and Wang, Shuang and Zhao, Mingbo and Xu, Xiaofei and Ye, Yunming},
	journal=TKDE,
	volume={30},
	number={10},
	pages={1873--1886},
	year={2018},
	publisher=IEEE,
	address= IEEE-ADDR,
}

@article{teran_literature_2018,
	title = {A {Literature} {Review} for {Recommender} {Systems} {Techniques} used in {Microblogs}},
	author={Ter{\'a}n, Luis and Mensah, Alvin Oti and Estorelli, Arianna},
	journal={Expert Systems with Applications},
	volume={103},
	pages={63--73},
	year={2018},
	publisher=Elsevier,
	address=Elsevier-ADDR,
}

@inproceedings{ricci_recommender_2015,
	address = Springer-ADDR,
	title = {Recommender {Systems}: {Introduction} and {Challenges}},	
	booktitle = {Recommender {Systems} {Handbook}},
	publisher = Springer,
	author = {Ricci, Francesco and Rokach, Lior and Shapira, Bracha},
	year = {2015},
	doi = {10.1007/978-1-4899-7637-6_1},
	pages = {1--34},
}

@book{ali_applications_2017,
	address = Springer-ADDR,
	title = {Applications of {Soft} {Computing} for the {Web}},
	publisher = Springer,
	author = {Ali, Rashid and Beg, MM Sufyan},
	year = {2017},
	doi = {10.1007/978-981-10-7098-3},
}

@article{jomsri_fucl_2018,
	title = {{FUCL} {Mining} {Technique} for {Book} {Recommender} {System} in {Library} {Service}},
	volume = {22},
	doi = {10.1016/j.promfg.2018.03.081},
	journal = {Procedia Manufacturing},
	author = {Jomsri, Pijitra},
	year = {2018},
	pages = {550--557},
	
}

@inproceedings{vaz_improving_2012-1,
	address = ACM-ADDR,
	title = {Improving a {Hybrid} {Literary} {Book} {Recommendation} {System} through {Author} {Ranking}},
	booktitle = JCDL,
	publisher = ACM,
	author = {Vaz, Paula Cristina and Martins de Matos, David and Martins, Bruno and Calado, Pavel},
	month = jun,
	year = {2012},
	pages = {387--388},
	
}

@inproceedings{wang_answer_2016,
	title = {An {Answer} {Recommendation} {Algorithm} for {Medical} {Community} {Question} {Answering} {Systems}},
	doi = {10.1109/SOLI.2016.7551676},
	booktitle = {Proceedings of the {IEEE} {International} {Conference} on {Service} {Operations} and {Logistics}, and {Informatics} ({SOLI})},
	author = {Wang, Jing and Man, Chuntao and Zhao, Yifei and Wang, Feiyue},
	month = jul,
	year = {2016},
	pages = {139--144},
	publisher=IEEE,
	address= IEEE-ADDR,
	
}

@inproceedings{shrestha_convolutional_2017,
	address = ACLPub-ADDR,
	title = {Convolutional {Neural} {Networks} for {Authorship} {Attribution} of {Short} {Texts}},
	doi = {10.18653/v1/E17-2106},
	booktitle = EACL,
	publisher = ACLPub,
	author = {Shrestha, Prasha and Sierra, Sebastian and Gonzalez, Fabio and Montes, Manuel and Rosso, Paolo and Solorio, Thamar},
	year = {2017},
	pages = {669--674},
	
}

@inproceedings{vaz_litrec_2012,
	address = {Setúbal, Portugal},
	title = {{LitRec} vs. {Movielens} - {A} {Comparative} {Study}:},
	booktitle = {Proceedings of the {International} {Conference} on {Knowledge} {Discovery} and {Information} {Retrieval} (KDIR)},
	publisher = {SciTePress},
	author = {\citet{risch_book_2018}, Paula Cristina},
	year = {2012},
	pages = {370--373},
}

@inproceedings{alharthi_study_2019,
	address = ACM-ADDR,
	title = {{Study} of {Linguistic} {Features} {Incorporated} in a {Literary} {Book} {Recommender} {System}},
	doi = {10.1145/3297280.3297382},
	booktitle = {Proceedings of the {ACM}/{SIGAPP} {Symposium} on {Applied} {Computing}},
	publisher = ACM,
	author = {Alharthi, Haifa and Inkpen, Diana},
	month = apr,
	year = {2019},
	pages = {1027--1034},
	
}

@phdthesis{alharthi_natural_2019,
	title = {Natural {Language} {Processing} for {Book} {Recommender} {Systems}},
	author = {Alharthi, Haifa},
	year = {2019},
	address = {Ottawa, Canada},
	school={University of Ottawa}
}

@article{zhang_deep_2019,
	title = {Deep {Learning} {Based} {Recommender} {System}: {A} {Survey} and {New} {Perspectives}},
	volume = {52},
	doi = {10.1145/3285029},
	number = {1},
	journal = CSUR,
	publisher= ACM,
	address = ACM-ADDR,
	author = {Zhang, Shuai and Yao, Lina and Sun, Aixin and Tay, Yi},
	month = feb,
	year = {2019},
	pages = {1--38},
}

@article{mu_survey_2018,
	title = {A {Survey} of {Recommender} {Systems} {Based} on {Deep} {Learning}},
	author={Mu, Ruihui},
	journal={IEEE Access},
	volume={6},
	pages={69009--69022},
	year={2018},
	publisher=IEEE,
	address= IEEE-ADDR,
}

@article{iwana_judging_2017,
	title = {Judging a {Book} {By} its {Cover}},
	author={Iwana, Brian Kenji and Rizvi, Syed Tahseen Raza and Ahmed, Sheraz and Dengel, Andreas and Uchida, Seiichi},
	journal={arXiv preprint arXiv:1610.09204},
	year={2016}	
}

@inproceedings{vaz_book_2013,
	title = {Book {Recommender} {Prototype} based on {Author}’s {Writing} {Style}},
	booktitle={Proceedings of the Annual Conference on Open Research Areas in Information Retrieval},
	author = {Vaz, Paula Cristina and Ribeiro, Ricardo and de Matos, David Martins},
	year = {2013},
	pages = {227--228},
	address={Paris, France},
	publisher={Le Centre de Hautes Etudes Internationles D'Informatique Documentaire}
}

@inproceedings{nirwan_personalized_2016,
	title = {Personalized {Hybrid} {Book} {Recommender} {System} {using} {Neural} {Network}},
	booktitle = {Proceedings of the {International} {Conference} on {Computing} for {Sustainable} {Global} {Development} ({INDIACom})},
	author = {Nirwan, Hitesh and Verma, Om Prakash and Kanojia, Ankit},
	month = mar,
	year = {2016},
	pages = {1281--1288},
	address = IEEE-ADDR,
	publisher=IEEE
}

@inproceedings{chen_collective_2018,
	title = {A {Collective} {Variational} {Autoencoder} for {Top}-\${N}\$ {Recommendation} with {Side} {Information}},
	author={Chen, Yifan and de Rijke, Maarten},
	booktitle={Proceedings of the Workshop on Deep Learning for Recommender Systems},
	pages={3--9},
	year={2018},
	address=ACM-ADDR,
	publisher=ACM
}

@inproceedings{zhang_collaborative_2016,
	address = ACM-ADDR,
	title = {Collaborative {Knowledge} {Base} {Embedding} for {Recommender} {Systems}},
	doi = {10.1145/2939672.2939673},
	booktitle = KDD,
	publisher = ACM,
	author = {Zhang, Fuzheng and Yuan, Nicholas Jing and Lian, Defu and Xie, Xing and Ma, Wei-Ying},
	month = aug,
	year = {2016},
	pages = {353--362},
}

@inproceedings{zhang_autosvd_2017,
	title = {{AutoSVD}++: {An} {Efficient} {Hybrid} {Collaborative} {Filtering} {Model} via {Contractive} {Auto}-{Encoders}},
	author={Zhang, Shuai and Yao, Lina and Xu, Xiwei},
	booktitle = SIGIR,
	pages={957--960},
	year={2017},
	publisher= ACM,
	address = ACM-ADDR,
}

@inproceedings{tausczik_psychological_2010,
	title = {The {Psychological} {Meaning} of {Words}: {LIWC} and {Computerized} {Text} {Analysis} {Methods}},
	booktitle = {Journal of Language and Social Psychology},
	author = {Tausczik, Yla R. and Pennebaker, James W.},
	volume={29},
	issue={1},
	pages={24--54},
	year={2010},
	publisher=SAGE,
	address=SAGE-ADDR
}

@inproceedings{pera_analyzing_2015,
	address = ACM-ADDR,
	title = {Analyzing {Book}-{Related} {Features} to {Recommend} {Books} for {Emergent} {Readers}},	
	doi = {10.1145/2700171.2791037},
	booktitle = {Proceedings of the Annual {ACM} {Conference} on {Hypertext} \& {Social} {Media}},
	publisher = ACM,
	author = {Pera, Maria Soledad and Ng, Yiu-Kai},
	year = {2015},
	pages = {221--230}
}

@inproceedings{pera_how_2014,
	address = IEEE-ADDR,
	title = {How {Can} {We} {Help} {Our} {K}-12 {Teachers}?: {Using} a {Recommender} to {Make} {Personalized} {Book} {Suggestions}},
	doi = {10.1109/WI-IAT.2014.116},
	booktitle = {Proceedings of the {IEEE}/{WIC}/{ACM} {International} {Joint} {Conferences} on {Web} {Intelligence} ({WI}) and {Intelligent} {Agent} {Technologies} ({IAT})},
	publisher = IEEE,
	author = {Pera, Maria Soledad and Ng, Yiu Kai},
	month = aug,
	year = {2014},
	pages = {335--342},
}

@inproceedings{brooke_using_2017,
	title = {Using {Models} of {Lexical} {Style} to {Quantify} {Free} {Indirect} {Discourse} in {Modernist} {Fiction}},
	author={Brooke, Julian and Hammond, Adam and Hirst, Graeme},
	booktitle={Digital Scholarship in the Humanities},
	volume={32},
	number={2},
	pages={234--250},
	year={2017},
	publisher=OxfordPress,
	address={Oxford, England, UK}
}

@inproceedings{brooke_hybrid_2013,
	title = {Hybrid {Models} for {Lexical} {Acquisition} of {Correlated} {Styles}},
	author={Brooke, Julian and Hirst, Graeme},
	booktitle=IJCNLP,
	pages={82--90},
	year={2013},
	address = {Nagoya, Japan},
	publisher = {Asian Federation of Natural Language Processing (AFNLP)},
}

@inproceedings{brooke_gutentag_2015,
	address = ACLPub-ADDR,
	title = {{GutenTag}: an {NLP}-{Driven} {Tool} for {Digital} {Humanities} {Research} in the {Project} {Gutenberg} {Corpus}},
	doi = {10.3115/v1/W15-0705},
	booktitle = {Proceedings of the {Annual} {Workshop} on {Computational} {Linguistics} for {Literature}},
	publisher = ACLPub,
	author = {Brooke, Julian and Hammond, Adam and Hirst, Graeme},
	year = {2015},
	pages = {42--47},
}

@inproceedings{bergamaschi_comparing_2015,
	title = {Comparing {LDA} and {LSA} {Topic} {Models} for {Content}-{Based} {Movie} {Recommendation} {Systems}},
	doi = {10.1007/978-3-319-27030-2_16},
	booktitle = {Web {Information} {Systems} and {Technologies}},
	publisher= Springer,
	address = Springer-ADDR,
	author = {Bergamaschi, Sonia and Po, Laura},
	editor = {Monfort, Valérie and Krempels, Karl-Heinz},
	year = {2015},
	pages = {247--263},
}


@inproceedings{bogers_defining_2017,
	address = ACM-ADDR,
	title = {Defining and {Supporting} {Narrative}-{Driven} {Recommendation}},
	doi = {10.1145/3109859.3109893},
	booktitle = RECSYS,
	publisher= ACM,
	author = {Bogers, Toine and Koolen, Marijn},
	month = aug,
	year = {2017},
	pages = {238--242},
}

@inproceedings{guan_document_2010,
	address = ACM-ADDR,
	title = {Document {Recommendation} in {Social} {Tagging} {Services}},
	doi = {10.1145/1772690.1772731},
	booktitle = WWW,
	publisher = ACM,
	author = {Guan, Ziyu and Wang, Can and Bu, Jiajun and Chen, Chun and Yang, Kun and Cai, Deng and He, Xiaofei},
	year = {2010},
	pages = {391--400},
}

@article{bogers_im_2018,
	title = {`{I}'m looking for something like ...': {Combining} {Narratives} and {Example} {Items} for {Narrative}-{Driven} {Book} {Recommendation}},
	author = {Bogers, Toine and Koolen, Marijn},
	year = {2018},
}

@inproceedings{eberhard_evaluating_2019,
	address = ACM-ADDR,
	title = {Evaluating {Narrative}-{Driven} {Movie} {Recommendations} on {Reddit}},
	doi = {10.1145/3301275.3302287},
	booktitle = IUI,
	publisher = ACM,
	author = {Eberhard, Lukas and Walk, Simon and Posch, Lisa and Helic, Denis},
	month = mar,
	year = {2019},
	pages = {1--11}
}

@article{vakkari_role_2019,
	title = {The {Role} of {Readers’} {Literary} {Preferences} in {Predicting} {Success} in {Fiction} {Search}},
	volume = {76},
	doi = {10.1108/JD-01-2019-0005},
	number = {1},
	journal = {Journal of Documentation},
	author = {Vakkari, Pertti and Mikkonen, Anna},
	month = aug,
	year = {2019},
	pages = {317--332},
}

@inproceedings{eberhard_tell_2020,
	title = {Tell {Me} {What} {You} {Want}: {Embedding} {Narratives} for {Movie} {Recommendations}},
	doi = {10.1145/3372923.3404818},
	booktitle = {Proceedings of the Annual {ACM} {Conference} on {Hypertext} and {Social} {Media}},
	publisher = ACM,
	address = ACM-ADDR,
	author = {Eberhard, Lukas and Walk, Simon and Helic, Denis},
	month = jul,
	year = {2020},
	pages = {301--306},
}

@inproceedings{elkahky_multi-view_2015,
	address = ACM-ADDR,
	title = {A {Multi}-{View} {Deep} {Learning} {Approach} for {Cross} {Domain} {User} {Modeling} in {Recommendation} {Systems}},
	doi = {10.1145/2736277.2741667},
	booktitle = WWW,
	publisher = ACM,
	author = {Elkahky, Ali Mamdouh and Song, Yang and He, Xiaodong},
	year = {2015},
	pages = {278--288},
}

@inproceedings{wang_collaborative_2015,
	address = ACM-ADDR,
	title = {Collaborative {Deep} {Learning} for {Recommender} {Systems}},
	doi = {10.1145/2783258.2783273},
	booktitle = KDD,
	publisher = ACM,
	author = {Wang, Hao and Wang, Naiyan and Yeung, Dit-Yan},
	year = {2015},
	pages = {1235--1244},
}

@inproceedings{clark_semi-supervised_2018,
	address = ACLPub-ADDR,
	title = {Semi-{Supervised} {Sequence} {Modeling} with {Cross}-{View} {Training}},
	doi = {10.18653/v1/D18-1217},
	booktitle = EMNLP,
	publisher = ACLPub,
	author = {Clark, Kevin and Luong, Minh-Thang and Manning, Christopher D. and Le, Quoc},
	year = {2018},
	pages = {1914--1925},
}

@article{li_multi-view_2016,
	title = {Multi-{View} {Representation} {Learning}: {A} {Survey} from {Shallow} {Methods} to {Deep} {Methods}},
	author = {Li, Yingming and Yang, Ming and Zhang, Zhongfei},
	month = oct,
	year = {2016},
}

@inproceedings{sinoara_knowledge-enhanced_2019,
	title = {Knowledge-{Enhanced} {Document} {Embeddings} for {Text} {Classification}},
	volume = {163},
	doi = {10.1016/j.knosys.2018.10.026},
	journal = {Knowledge-Based Systems},
	author = {Sinoara, Roberta A. and Camacho-Collados, Jose and Rossi, Rafael G. and Navigli, Roberto and Rezende, Solange O.},
	month = jan,
	year = {2019},
	pages = {955--971},
	publisher=Elsevier,
	address=Elsevier-ADDR
}

@inproceedings{li_multi-view_2019,
	address = ACM-ADDR,
	title = {Multi-view {Embedding}-{Based} {Synonyms} for {Email} {Search}},
	doi = {10.1145/3331184.3331250},
	booktitle = SIGIR,
	publisher = ACM,
	author = {Li, Cheng and Zhang, Mingyang and Bendersky, Michael and Deng, Hongbo and Metzler, Donald and Najork, Marc},
	month = jul,
	year = {2019},
	pages = {575--584},
}

@inproceedings{pichardo-lagunas_author_2017,
	title = {Author {Profiling} with {Doc2vec} {Neural} {Network}-{Based} {Document} {Embeddings}},
	volume = {10062},
	booktitle = {Advances in {Soft} {Computing}},
	publisher= Springer,
	address = Springer-ADDR,
	author = {Markov, Ilia and Gómez-Adorno, Helena and Posadas-Durán, Juan-Pablo and Sidorov, Grigori and Gelbukh, Alexander},
	editor = {Pichardo-Lagunas, Obdulia and Miranda-Jiménez, Sabino},
	year = {2017},
	doi = {10.1007/978-3-319-62428-0_9},
	pages = {117--131},
}

@inproceedings{zhu_aligning_2015,
	address = IEEE-ADDR,
	title = {Aligning {Books} and {Movies}: {Towards} {Story}-{Like} {Visual} {Explanations} by {Watching} {Movies} and {Reading} {Books}},
	doi = {10.1109/ICCV.2015.11},
	booktitle = {Proceedings of the {IEEE} {International} {Conference} on {Computer} {Vision} ({ICCV})},
	publisher = IEEE,
	author = {Zhu, Yukun and Kiros, Ryan and Zemel, Rich and Salakhutdinov, Ruslan and Urtasun, Raquel and Torralba, Antonio and Fidler, Sanja},
	month = dec,
	year = {2015},
	pages = {19--27},	
}

% inproceedings{tashkandi_comparative_2017,
	title = {Comparative {Evaluation} for {Recommender} {Systems} for {Book} {Recommendations}},
	author = {Tashkandi, Araek and Wiese, Lena and Baum, Marcus},
	booktitle={Datenbanksysteme f{\"u}r Business, Technologie und Web (BTW 2017)-Workshopband},
	year={2017},
	publisher={Gesellschaft f{\"u}r Informatik e.V.},
	year = {2017},
	address={-},
	pages={-}
}

@inproceedings{le_distributed_2014,
	title = {Distributed {Representations} of {Sentences} and {Documents}},
	author = {Le, Quoc and Mikolov, Tomas},
	booktitle=ICML,
	pages={1188--1196},
	year={2014},
	publisher=PMLR,
	address=PMLR-ADDR
}


@inproceedings{mikolov_efficient_2013,
	author={Mikolov, Tomas and Chen, Kai and Corrado, Greg and Dean, Jeffrey},
	year = {2013},
	title = {Efficient {Estimation} of {Word} {Representations} in {Vector} {Space}},
	booktitle = ICLR,
	publisher={OpenReview.net},
	address   = {Amherst, MA, USA},
	pages={1--12}
}

@inproceedings{mikolov_distributed_2013,
	author = {Mikolov, Tomas and Sutskever, Ilya and Chen, Kai and Corrado, Greg and Dean, Jeffrey},
	title = {Distributed {Representations} of {Words} and {Phrases} and their {Compositionality}},
	year = {2013},
	publisher = {Curran Associates Inc.},
	address = {Red Hook, NY, USA},
	volume = {2},
	booktitle = NIPS,
	pages = {3111–3119},
}

@misc{roser_books_2013,
	title = {Books},
	url = {https://ourworldindata.org/books},
	urldate = {2021-01-09},
	journal = {Our World in Data},
	author = {Roser, Max},
	month = mar,
	year = {2013},
}

@misc{fink-jensen_book_2015,
	title = {Book {Titles} per {Capita}},
	url = {https://datasets.iisg.amsterdam/dataset.xhtml?persistentId=hdl:10622/AOQMAZ},
	urldate = {2021-01-09},
	author = {Fink-Jensen, Jonathan},
	month = dec,
	year = {2015},
	publisher = {IISH Data Collection}
}

@inproceedings{pennington_glove_2014,
	address = ACLPub-ADDR,
	title = {{GloVe}: {Global} {Vectors} for {Word} {Representation}},
	doi = {10.3115/v1/D14-1162},
	booktitle = EMNLP,
	publisher = ACLPub,
	author = {Pennington, Jeffrey and Socher, Richard and Manning, Christopher},
	year = {2014},
	pages = {1532--1543},
}

@inproceedings{bojanowski_enriching_2017,
	title = {Enriching {Word} {Vectors} with {Subword} {Information}},
	volume = {5},
	doi = {10.1162/tacl_a_00051},
	booktitle = TACL,
	publisher = MIT,
	address = MIT-ADDR,
	author = {Bojanowski, Piotr and Grave, Edouard and Joulin, Armand and Mikolov, Tomas},
	month = dec,
	year = {2017},
	pages = {135--146},
	
}

@inproceedings{devlin_bert_2019,
	title = {{BERT}: {Pre}-{Training} of {Deep} {Bidirectional} {Transformers} for {Language} {Understanding}},
	author={Devlin, Jacob and Chang, Ming-Wei and Lee, Kenton and Toutanova, Kristina},
	booktitle= NAACL,
	publisher = ACLPub,
	address= ACLPub-ADDR,
	year={2018},
	pages     = {4171--4186}
}

@inproceedings{akbik_contextual_2018,
	title = {Contextual {String} {Embeddings} for {Sequence} {Labeling}},
	author = {Akbik, Alan and Blythe, Duncan and Vollgraf, Roland},
	booktitle=COLING,
	pages={1638--1649},
	year={2018},
	address=ACLPub-ADDR,
	publisher=ACLPub	
}

@article{mitra_hybrid_2020,
	title = {Hybrid {Improved} {Document}-{Level} {Embedding} ({HIDE})},
	author = {Mitra, Satanik and Jenamani, Mamata},
	year = {2020},
	journal={arXiv preprint arXiv:2006.01203},
	year={2020}
	
}

@inproceedings{jameel_word_2019,
	address = ACLPub-ADDR,
	title = {Word and {Document} {Embedding} with {vMF}-{Mixture} {Priors} on {Context} {Word} {Vectors}},
	doi = {10.18653/v1/P19-1321},
	booktitle = ACL,
	publisher = ACLPub,
	author = {Jameel, Shoaib and Schockaert, Steven},
	year = {2019},
	pages = {3319--3328},
}

@article{gharavi_improve_2020,
	title = {Improve {Document} {Embedding} for {Text} {Categorization} {Through} {Deep} {Siamese} {Neural} {Network}},
	author = {Gharavi, Erfaneh and Veisi, Hadi},
	journal={arXiv preprint arXiv:2006.00572},
	year={2020}
}

@article{lee_understanding_2017,
	title = {Understanding {Appeals} of {Video} {Games} for {Readers}’ {Advisory} and {Recommendation}},
	volume = {57},
	doi = {10.5860/rusq.57.2.6529},
	number = {2},
	journal = {Reference and User Services Quarterly},
	author = {Lee, Jin Ha and Clarke, Rachel Ivy and Cho, Hyerim and Windleharth, Travis},
	month = dec,
	year = {2017},
	pages={127--139},
	publisher={JSTOR},
	address={New York City, NY, USA}
}

@inproceedings{jorgensen_x201ckinda_2020,
	address = ACM-ADDR,
	title = {`{Kinda} like {The} {Sims}... {But} with ghosts?': {A} {Qualitative} {Analysis} of {Video} {Game} {Re}-{Finding} {Requests} on {Reddit}},
	doi = {10.1145/3402942.3402971},	
	booktitle = {Proceedings of the {International} {Conference} on the {Foundations} of {Digital} {Games} (FDG)},
	publisher = ACM,
	author = {Jørgensen, Ida Kathrine Hammeleff and Bogers, Toine},
	month = sep,
	year = {2020},
	pages = {1--4},
}

@inproceedings{bogers_looking_2019,
	title = {`{Looking} for an {Amazing} {Game} {I} {Can} {Relax} and {Sink} {Hours} into...': {A} {Study} of {Relevance} {Aspects} in {Video} {Game} {Discovery}},
	doi = {10.1007/978-3-030-15742-5_48},	
	booktitle = {Information in {Contemporary} {Society}},
	publisher= Springer,
	address = Springer-ADDR,
	author = {Bogers, Toine and Gäde, Maria and Koolen, Marijn and Petras, Vivien and Skov, Mette},
	editor = {Taylor, Natalie Greene and Christian-Lamb, Caitlin and Martin, Michelle H. and Nardi, Bonnie},
	year = {2019},
	pages = {503--515},
}

@inproceedings{bogers_what_2018,
	title = {`{What} was this {Movie} {About} this {Chick}?'},
	doi = {10.1007/978-3-319-78105-1_36},
	booktitle = {Transforming {Digital} {Worlds}},
	publisher= Springer,
	address = Springer-ADDR,
	author = {Bogers, Toine and Gäde, Maria and Koolen, Marijn and Petras, Vivien and Skov, Mette},
	editor = {Chowdhury, Gobinda and McLeod, Julie and Gillet, Val and Willett, Peter},
	year = {2018},
	pages = {323--334},
}

@inproceedings{wijewickrema_selecting_2019,
	title = {Selecting a {Text} {Similarity} {Measure} for a {Content}-{Based} {Recommender} {System}: {A} {Comparison} in {Two} {Corpora}},
	volume = {37},
	number = {3},
	author={Wijewickrema, Manjula and Petras, Vivien and Dias, Naomal},
	booktitle={The Electronic Library},
	year={2019},
	publisher={Emerald Publishing Limited},
	pages = {506--527},
	address={Bingley, Enland, UK}
}

@inproceedings{ng_recommending_2016,
	title = {Recommending {Books} for {Children} {Based} on the {Collaborative} and {Content}-{Based} {Filtering} {Approaches}},
	doi = {10.1007/978-3-319-42089-9_22},
	booktitle = {Computational {Science} and {Its} {Applications} (ICCSA)},
	publisher= Springer,
	address = Springer-ADDR,
	author = {Ng, Yiu-Kai},
	editor = {Gervasi, Osvaldo and Murgante, Beniamino and Misra, Sanjay and Rocha, Ana Maria A.C. and Torre, Carmelo M. and Taniar, David and Apduhan, Bernady O. and Stankova, Elena and Wang, Shangguang},
	year = {2016},
	pages = {302--317},
}

@inproceedings{sohail_book_2017,
	address = Springer-ADDR,
	title = {Book {Recommender} {System} {Using} {Fuzzy} {Linguistic} {Quantifiers}},
	booktitle = {Applications of {Soft} {Computing} for the {Web}},
	publisher = Springer,
	author = {Sohail, Shahab Saquib and Siddiqui, Jamshed and Ali, Rashid},
	editor = {Ali, Rashid and Beg, MM Sufyan},
	year = {2017},
	doi = {10.1007/978-981-10-7098-3_4},	
	pages = {47--60}
}

@article{alharthi_survey_2018,
	title = {A {Survey} of {Book} {Recommender} {Systems}},
	author={Alharthi, Haifa and Inkpen, Diana and Szpakowicz, Stan},
	journal={Journal of Intelligent Information Systems},
	volume={51},
	number={1},
	pages={139--160},
	year={2018},
	publisher= Springer,
	address = Springer-ADDR
}

@inproceedings{dam_literature_2020,
	title = {A {Literature} {Review} of {Recommender} {Systems} for the {Cultural} {Sector}},
	author = {Dam, Nguyen and Dinh, Thang},
	month = oct,
	year = {2020},
	pages = {715--726},
	address={Setúbal, Portugal},
	booktitle={Proceedings of the Annual International Conference on Enterprise Information Systems (ICEIS)},
	publisher={SciTePress}
}

@inproceedings{feng_multi-view_2019,
	title = {Multi-view {Locality} {Low}-{Rank} {Embedding} for {Dimension} {Reduction}},
	author={Feng, Lin and Meng, Xiangzhu and Wang, Huibing},
	booktitle={Knowledge-Based Systems},
	volume={191},
	pages={105172},
	year={2020},
	publisher=Elsevier,
	address=Elsevier-ADDR
}

@article{salim_design_2020,
	title = {Design of {Multi}-{View} {Graph} {Embedding} {Using} {Multiple} {Kernel} {Learning}},
	volume = {90},
	number = {C},
	doi = {10.1016/j.engappai.2020.103534},
	journal = {Engineering Applications of Artificial Intelligence},
	author = {Salim, Asif and Shiju, S.S. and Sumitra, S.},
	month = apr,
	year = {2020},
	pages = {103534},
}

@inproceedings{francis_fusion_2019,
	address = IEEE-ADDR,
	title = {Fusion of {Multimodal} {Embeddings} for {Ad}-{Hoc} {Video} {Search}},
	doi = {10.1109/ICCVW.2019.00233},
	booktitle = {Proceedings of the {IEEE}/{CVF} {International} {Conference} on {Computer} {Vision} {Workshop} ({ICCVW})},
	publisher = IEEE,
	author = {Francis, Danny and Nguyen, Phuong Anh and Huet, Benoit and Ngo, Chong-Wah},
	month = oct,
	year = {2019},
	pages = {1868--1872},
}

@article{xu_deep_2019,
	title = {A {Deep} {Neural} {Information} {Fusion} {Architecture} for {Textual} {Network} {Embeddings}},
	author={Xu, Zenan and Su, Qinliang and Quan, Xiaojun and Zhang, Weijia},
	journal={arXiv preprint arXiv:1908.11057},
	year={2019}
}

@inproceedings{blandfort_fusion_2019,
	title = {Fusion {Strategies} for {Learning} {User} {Embeddings} with {Neural} {Networks}},
	author={Blandfort, Philipp and Karayil, Tushar and Raue, Federico and Hees, J{\"o}rn and Dengel, Andreas},
	booktitle={Proceedings of the International Joint Conference on Neural Networks (IJCNN)},
	pages={1--8},
	year={2019},
	publisher=IEEE,
	address= IEEE-ADDR,	
}

@article{xu_multi-view_2019,
	title = {Multi-view {Hybrid} {Embedding}: {A} {Divide}-and-{Conquer} {Approach}},
	author={Xu, Jiamiao and Yu, Shujian and You, Xinge and Leng, Mengjun and Jing, Xiao-Yuan and Chen, CL Philip},
	journal={IEEE Transactions on Cybernetics},
	volume={50},
	number={8},
	pages={3640--3653},
	year={2019},
	publisher=IEEE,
	address= IEEE-ADDR,	
}

@inproceedings{arun_stopword_2009,
	title = {Stopword {Graphs} and {Authorship} {Attribution} in {Text} {Corpora}},
	doi = {10.1109/ICSC.2009.101},
	booktitle = {Proceedings of the {IEEE} {International} {Conference} on {Semantic} {Computing} (ICSC)},
	author = {Arun, R. and Suresh, V. and Madhavan, C.E. Veni},
	month = sep,
	year = {2009},
	pages = {192--196},
	publisher=IEEE,
	address= IEEE-ADDR,
}

@book{dibell_elements_1999,
	title = {Elements of {Fiction} {Writing} - {Plot}},
	publisher = {Writer's Digest Books},
	address = {Cincinnati, OH, USA},
	author = {Dibell, Ansen},
	month = jul,
	year = {1999}
}

@inproceedings{omahony_using_2010,
	title = {Using {Readability} {Tests} to {Predict} {Helpful} {Product} {Reviews}},
	author = {O’Mahony, Michael P and Smyth, Barry},
	address= {Paris, France},
	publisher={Le Centre de Hautes Etudes Internationles D'Informatique Documentaire},
	booktitle={Proceedings of the International Conference on Adaptivity, Personalization and Fusion of Heterogeneous Information (RIAO)},
	year={2010}
}

@inproceedings{jiang_enriching_2018,
	title = {Enriching {Word} {Embeddings} with {Domain} {Knowledge} for {Readability} {Assessment}},
	author = {Jiang, Zhiwei and Gu, Qing and Yin, Yafeng and Chen, Daoxu},
	booktitle=COLING,
	pages={366--378},
	year={2018},
	address=ACLPub-ADDR,
	publisher=ACLPub
}

@article{xu_survey_2013,
	title = {A {Survey} on {Multi}-{View} {Learning}},
	author={Xu, Chang and Tao, Dacheng and Xu, Chao},
	journal={arXiv preprint arXiv:1304.5634},
	year={2013}
}

@inproceedings{wang_deep_2015,
	title = {On {Deep} {Multi}-{View} {Representation} {Learning}},
	author = {Wang, Weiran and Arora, Raman and Livescu, Karen and Bilmes, Jeff},
	booktitle=ICML,
	pages={1083--1092},
	year={2015},
	publisher=PMLR,
	address=PMLR-ADDR
}

@article{zhao_multi-view_2017,
	title = {Multi-{View} {Learning} {Overview}: {Recent} {Progress} and {New} {Challenges}},
	volume = {38},
	doi = {10.1016/j.inffus.2017.02.007},
	journal = {Information Fusion},
	author = {Zhao, Jing and Xie, Xijiong and Xu, Xin and Sun, Shiliang},
	month = nov,
	year = {2017},
	pages = {43--54},
}

@inproceedings{correa_junior_nilc-usp_2017,
	address = ACLPub-ADDR,
	title = {{A} {Multi}-{View} {Ensemble} for {Twitter} {Sentiment} {Analysis}},
	doi = {10.18653/v1/S17-2100},
	booktitle = {Proceedings of the {Annual} {International} {Workshop} on {Semantic} {Evaluation}  ({SemEval})},
	publisher = ACLPub,
	author = {Corrêa Júnior, Edilson Anselmo and Marinho, Vanessa Queiroz and dos Santos, Leandro Borges},
	year = {2017},
	pages = {611--615},
}

@inproceedings{wang_linked_2016,
	address = ACM-ADDR,
	title = {Linked {Document} {Embedding} for {Classification}},
	doi = {10.1145/2983323.2983755},
	booktitle = CIKM,
	publisher = ACM,
	author = {Wang, Suhang and Tang, Jiliang and Aggarwal, Charu and Liu, Huan},
	month = oct,
	year = {2016},
	pages = {115--124},
}

@inproceedings{gomez-uribe_netflix_2016,
	title = {The {Netflix} {Recommender} {System}: {Algorithms}, {Business} {Value}, and {Innovation}},
	volume = {6},
	doi = {10.1145/2843948},
	number = {4},
	booktitle = {ACM Transactions on Management Information Systems},
	publisher = ACM,
	address = ACM-ADDR,
	author = {Gomez-Uribe, Carlos A. and Hunt, Neil},
	month = jan,
	year = {2016},
	pages = {1--19},
}

@article{unnam_document_2020,
	title = {A {Document} {Representation} {Framework} with {Interpretable} {Features} {Using} {Pre}-{Trained} {Word} {Embeddings}},
	volume = {10},
	number = {1},
	journal = {International Journal of Data Science and Analytics},
	author = {Unnam, Narendra Babu and Reddy, P. Krishna},
	month = jun,
	year = {2020},
	pages = {49--64},
}

@misc{noauthor_10_2019,
	title = {10 {Times} {Science} {Fiction} \& {Fantasy} {Reinvented} {Sherlock} {Holmes}},
	url = {https://www.barnesandnoble.com/blog/sci-fi-fantasy/10-times-science-fiction-fantasy-reinvented-sherlock-holmes/},
	urldate = {2021-01-14},
	journal = {The B\&N Sci-Fi and Fantasy Blog},
	month = jul,
	year = {2019},
	keywords = {website}
}

@misc{noauthor_top_2018,
	title = {Top {Ten} {Fantasy} {Crime} {Novels}},
	url = {https://www.novelsuspects.com/mystery-thriller-books/top-ten-fantasy-crime-novels/},
	urldate = {2021-01-14},
	journal = {Novel Suspects},
	month = apr,
	year = {2018},
	keywords = {website}
}

@misc{bookbrowse_book_2020,
	title = {Book {Search}: {Search} for {Books} by {Title}, {Author}, or {Keyword}},
	url = {https://www.bookbrowse.com/search/index.cfm},
	urldate = {2021-01-14},
	journal = {BookBrowse.com},
	author = {BookBrowse},
	year = {2020},
}

@phdthesis{kumar_towards_2018,
	address = {Hyderabad, India},
	type = {Master-{Thesis}},
	title = {Towards {Effective} {Approaches} for {News} {Recommendation} {System}},
	school = {International Institute of Information Technology},
	author = {Kumar, Vaibhav},
	year = {2018},	
}

@inproceedings{kang_multi-graph_2019,
	title = {Multi-graph {Fusion} for {Multi}-{View} {Spectral} {Clustering}},
	author={Kang, Zhao and Shi, Guoxin and Huang, Shudong and Chen, Wenyu and Pu, Xiaorong and Zhou, Joey Tianyi and Xu, Zenglin},
	booktitle={Knowledge-Based Systems},
	volume={189},
	pages={105102},
	year={2020},
	publisher=Elsevier,
	address=Elsevier-ADDR
}

@inproceedings{gao_explainable_2019,
	title = {Explainable {Recommendation} through {Attentive} {Multi}-{View} {Learning}},
	author={Gao, Jingyue and Wang, Xiting and Wang, Yasha and Xie, Xing},
	booktitle = AAAI,
	publisher = AAAIPub,
	address = AAAIPub-ADDR,
	volume={33},
	number={1},
	pages={3622--3629},
	year={2019}
}

@inproceedings{santosh_mvl_2020,
	title = {{MVL}: {Multi}-{View} {Learning} for {News} {Recommendation}},
	doi = {10.1145/3397271.3401294},
	booktitle = SIGIR,
	publisher = ACM,
	address = ACM-ADDR,
	author = {Santosh, T.Y.S.S and Saha, Avirup and Ganguly, Niloy},
	month = jul,
	year = {2020},	
	pages = {1873--1876},
}

@inproceedings{koolen_current_2017,
	title = {Current {Research} in {Supporting} {Complex} {Search} {Tasks}},
	author = {Koolen, Marijn and Kamps, Jaap and Bogers, Toine and Belkin, Nicholas J and Kelly, Diane and Yilmaz, Emine},
	booktitle={Workshop on Supporting Complex Search Tasks},
	pages={1--4},
	year={2017},
	volume={1798},
	number={2},
	publisher={CEUR Workshop Proceedings},
	address={Aachen, Germany}
}

@inproceedings{buchanan_bookshop_2011,
	address = ACM-ADDR,
	title = {In the {Bookshop}: {Examining} {Popular} {Search} {Strategies}},
	doi = {10.1145/1998076.1998127},
	booktitle = JCDL,
	publisher = ACM,
	author = {Buchanan, George and McKay, Dana},
	month = jun,
	year = {2011},
	pages = {269--278},
}

@inproceedings{hanbury_looking_2015,
	title = {Looking for {Books} in {Social} {Media}: {An} {Analysis} of {Complex} {Search} {Requests}},
	volume = {9022},
	booktitle = {Advances in {Information} {Retrieval}},
	publisher= Springer,
	address = Springer-ADDR,
	author = {Koolen, Marijn and Bogers, Toine and van den Bosch, Antal and Kamps, Jaap},
	editor = {Hanbury, Allan and Kazai, Gabriella and Rauber, Andreas and Fuhr, Norbert},
	year = {2015},
	doi = {10.1007/978-3-319-16354-3_19},
	pages = {184--196},
}

@inproceedings{mikkonen_readers_2012,
	address = ACM-ADDR,
	title = {Readers' {Search} {Strategies} for {Accessing} {Books} in {Public} {Libraries}},
	doi = {10.1145/2362724.2362760},
	booktitle = {Proceedings of the Information Interaction in Context Symposium},
	publisher = ACM,
	author = {Mikkonen, Anna and Vakkari, Pertti},
	year = {2012},
	pages = {214--223},
}

@article{mikkonen_readers_2016,
	title = {Readers’ {Interest} {Criteria} in {Fiction} {Book} {Search} in {Library} {Catalogs}},
	volume = {72},
	doi = {10.1108/JDOC-11-2015-0142},
	number = {4},
	journal = {Journal of Documentation},
	author = {Mikkonen, Anna and Vakkari, Pertti},
	month = jul,
	year = {2016},
	pages = {696--715},
}

@inproceedings{arun_stopwords_2009,
	title = {Stopwords and {Stylometry} : {A} {Latent} {Dirichlet} {Allocation} {Approach}},
	author = {Arun, R. and Suresh, V. and Madhavan, C.},
	booktitle={NIPS Workshop on Applications for Topic Models},
	year = {2009},
	publisher=NIPS,
	address=NIPS-ADDR,
	pages={1--4}
}

@inproceedings{fu_continuous_2018,
	address = ACLPub-ADDR,
	title = {Continuous {Word} {Embedding} {Fusion} via {Spectral} {Decomposition}},
	doi = {10.18653/v1/K18-1002},
	booktitle = {Proceedings of the {Conference} on {Computational} {Natural} {Language} {Learning}},
	publisher = ACLPub,
	author = {Fu, Tianfan and Zhang, Cheng and Mandt, Stephan},
	year = {2018},
	pages = {11--20},
}

@inproceedings{rouvier_multimodal_2015,
	address = IEEE-ADDR,
	title = {Multimodal {Embedding} {Fusion} for {Robust} {Speaker} {Role} {Recognition} in {Video} {Broadcast}},
	doi = {10.1109/ASRU.2015.7404820},
	booktitle = {{IEEE} {Workshop} on {Automatic} {Speech} {Recognition} and {Understanding} ({ASRU})},
	publisher = IEEE,
	author = {Rouvier, Michael and Delecraz, Sebastien and Favre, Benoit and Bendris, Meriem and Bechet, Frederic},
	month = dec,
	year = {2015},
	pages = {383--389},
}

@article{kilimci_deep_2018,
	type = {Research {Article}},
	title = {Deep {Learning}- and {Word} {Embedding}-{Based} {Heterogeneous} {Classifier} {Ensembles} for {Text} {Classification}},
	author={Kilimci, Zeynep H. and Akyokus, Selim},
	journal={Complexity},
	volume={2018},
	year={2018},
	publisher={Hindawi}
}


@inproceedings{wang_multi-view_2018,
	title = {Multi-{View} {Reconstructive} {Preserving} {Embedding} for {Dimension} {Reduction}},
	author={Wang, Huibing and Feng, Lin and Kong, Adong and Jin, Bo},
	booktitle={Soft Computing},
	volume={24},
	number={10},
	pages={7769--7780},
	year={2020},
	publisher= Springer,
	address = Springer-ADDR,
}


@inproceedings{kang_understanding_2017,
	title = {Understanding {How} {People} {Use} {Natural} {Language} to {Ask} for {Recommendations}},
	author = {Kang, Jie and Condiff, Kyle and Chang, Shuo and Konstan, Joseph A and Terveen, Loren and Harper, F Maxwell},
	booktitle=RECSYS,
	pages={229--237},
	year={2017},
	publisher=ACM,
	address = ACM-ADDR
}

@inproceedings{sun_conversational_2018,
	title = {Conversational {Recommender} {System}},
	author={Sun, Yueming and Zhang, Yi},
	booktitle=SIGIR,
	pages={235--244},
	year={2018},
	publisher=ACM,
	address = ACM-ADDR
}

@inproceedings{bogers_-depth_2017,
	title = {An {In}-{Depth} {Analysis} of {Tags} and {Controlled} {Metadata} for {Book} {Search}},
	author = {Bogers, Toine and Petras, Vivien},
	booktitle={iConference Proceedings},
	volume={2},
	year={2017},
	publisher={iSchools},
	address={Grandville, MI, USA},
	pages={15--30}
}

@inproceedings{shao_paper2repo_2020,
	address = ACM-ADDR,
	title = {paper2repo: {GitHub} {Repository} {Recommendation} for {Academic} {Papers}},
	doi = {10.1145/3366423.3380145},
	booktitle = {Proceedings of {The} {Web} {Conference}},
	publisher = ACM,
	author = {Shao, Huajie and Sun, Dachun and Wu, Jiahao and Zhang, Zecheng and Zhang, Aston and Yao, Shuochao and Liu, Shengzhong and Wang, Tianshi and Zhang, Chao and Abdelzaher, Tarek},
	month = apr,
	year = {2020},
	pages = {629--639},
}

@inproceedings{ganguly_paper2vec_2017,
	title = {Paper2vec: {Combining} {Graph} and {Text} {Information} for {Scientific} {Paper} {Representation}},
	doi = {10.1007/978-3-319-56608-5_30},
	booktitle = {Advances in {Information} {Retrieval}},
	publisher= Springer,
	address = Springer-ADDR,
	author = {Ganguly, Soumyajit and Pudi, Vikram},
	editor = {Jose, Joemon M and Hauff, Claudia and Altıngovde, Ismail Sengor and Song, Dawei and Albakour, Dyaa and Watt, Stuart and Tait, John},
	year = {2017},
	pages = {383--395},
}

@inproceedings{hirschmeier_combining_2019,
	address = ACM-ADDR,
	title = {Combining {Word} {Embeddings} with {Taxonomy} {Information} for {Multi}-{Label} {Document} {Classification}},
	doi = {10.1145/3342558.3345424},
	booktitle = {Proceedings of the {ACM} {Symposium} on {Document} {Engineering} ({DocEng})},
	publisher = ACM,
	author = {Hirschmeier, Stefan and Schoder, Detlef},
	year = {2019},
	pages = {1--4},
}

@inproceedings{wu_mind_2020,
	title = {{MIND}: {A} {Large}-{Scale} {Dataset} for {News} {Recommendation}},
	booktitle = ACL,
	publisher = ACLPub,
	address = ACLPub-ADDR,
	author = {Wu, Fangzhao and Qiao, Ying and Chen, Jiun-Hung and Wu, Chuhan and Qi, Tao and Lian, Jianxun and Liu, Danyang and Xie, Xing and Gao, Jianfeng and Wu, Winnie and Zhou, Ming},
	year = {2020},
	pages = {3597--3606},
	doi       = {10.18653/v1/2020.acl-main.331}
}

@inproceedings{liu_personalized_2010,
	address = ACM-ADDR,
	title = {Personalized {News} {Recommendation} {Based} on {Click} {Behavior}},
	booktitle = IUI,
	publisher = ACM,
	author = {Liu, Jiahui and Dolan, Peter and Pedersen, Elin Rønby},
	year = {2010},
	pages = {31--40},
}

@inproceedings{zheng_drn_2018,
	address = ACM-ADDR,
	title = {{DRN}: {A} {Deep} {Reinforcement} {Learning} {Framework} for {News} {Recommendation}},
	doi = {10.1145/3178876.3185994},
	booktitle = WWW,
	publisher = ACM,
	author = {Zheng, Guanjie and Zhang, Fuzheng and Zheng, Zihan and Xiang, Yang and Yuan, Nicholas Jing and Xie, Xing and Li, Zhenhui},
	year = {2018},
	pages = {167--176},
}

@inproceedings{wang_dkn_2018,
	address = ACM-ADDR,
	title = {{DKN}: {Deep} {Knowledge}-{Aware} {Network} for {News} {Recommendation}},
	doi = {10.1145/3178876.3186175},
	booktitle = WWW,
	publisher = ACM,
	author = {Wang, Hongwei and Zhang, Fuzheng and Xie, Xing and Guo, Minyi},
	year = {2018},
	pages = {1835--1844},
}

@inproceedings{ijntema_ontology-based_2010,
	address = ACM-ADDR,
	title = {Ontology-{Based} {News} {Recommendation}},
	doi = {10.1145/1754239.1754257},
	booktitle = {Proceedings of the {International} {Workshop} on {Data} {Semantics} ({DataSem})},
	publisher = ACM,
	author = {IJntema, Wouter and Goossen, Frank and Frasincar, Flavius and Hogenboom, Frederik},
	year = {2010},
	pages = {1--6},
}

@inproceedings{li_scene_2011,
	address = ACM-ADDR,
	title = {{SCENE}: a {Scalable} {Two}-{Stage} {Personalized} {News} {Recommendation} {System}},
	doi = {10.1145/2009916.2009937},
	booktitle = SIGIR,
	publisher = ACM,
	author = {Li, Lei and Wang, Dingding and Li, Tao and Knox, Daniel and Padmanabhan, Balaji},
	year = {2011},
	pages = {125--134},
}

@article{thorson_changing_2008,
	title = {{Changing} {Patterns} {of} {News} {Consumption} {and} {Perticipation}: {News} {Recommendation} {Engines}},
	volume = {11},
	doi = {10.1080/13691180801999027},
	number = {4},
	journal = {Information, Communication \& Society},
	author = {Thorson, Emily},
	month = jun,
	year = {2008},
	pages = {473--489}
}

@inproceedings{okura_embedding-based_2017,
	address = ACM-ADDR,
	title = {Embedding-{Based} {News} {Recommendation} for {Millions} of {Users}},
	doi = {10.1145/3097983.3098108},
	booktitle = KDD,
	publisher = ACM,
	author = {Okura, Shumpei and Tagami, Yukihiro and Ono, Shingo and Tajima, Akira},
	month = aug,
	year = {2017},
	pages = {1933--1942},
}

@inproceedings{van_der_aalst_content-based_2010,
	address = Springer-ADDR,
	title = {Content-{Based} {News} {Recommendation}},
	volume = {61},
	author = {Kompan, Michal and Bielikov{\'a}, M{\'a}ria},
	booktitle = {Proceedings of the International Conference on Electronic Commerce and Web Technologies (EC-Web)},
	pages = {61--72},
	year = {2010},
	publisher = Springer
}

@article{li_modeling_2014,
	title = {Modeling and {Broadening} {Temporal} {User} {Interest} in {Personalized} {News} {Recommendation}},
	volume = {41},
	doi = {10.1016/j.eswa.2013.11.020},
	number = {7},
	journal = {Expert Systems with Applications},
	author = {Li, Lei and Zheng, Li and Yang, Fan and Li, Tao},
	month = jun,
	year = {2014},
	pages = {3168--3177},
	publisher=Elsevier,
	address=Elsevier-ADDR
}

@article{lin_personalized_2014,
	title = {Personalized {News} {Recommendation} via {Implicit} {Social} {Experts}},
	volume = {254},
	doi = {10.1016/j.ins.2013.08.034},
	journal = {Information Sciences},
	author = {Lin, Chen and Xie, Runquan and Guan, Xinjun and Li, Lei and Li, Tao},
	month = jan,
	year = {2014},
	pages = {1--18}
}

@article{wu_neural_2020,
	title = {Neural {News} {Recommendation} with {Negative} {Feedback}},
	doi = {10.1007/s42486-020-00044-0},
	journal = {CCF Transactions on Pervasive Computing and Interaction},
	author = {Wu, Chuhan and Wu, Fangzhao and Huang, Yongfeng and Xie, Xing},
	month = oct,
	year = {2020},
}

@inproceedings{liu_kred_2020,
	address = ACM-ADDR,
	title = {{KRED}: {Knowledge}-{Aware} {Document} {Representation} for {News} {Recommendations}},
	doi = {10.1145/3383313.3412237},
	booktitle = RECSYS,
	publisher = ACM,
	author = {Liu, Danyang and Lian, Jianxun and Wang, Shiyin and Qiao, Ying and Chen, Jiun-Hung and Sun, Guangzhong and Xie, Xing},
	month = sep,
	year = {2020},
	pages = {200--209},
}

@article{swati_eveout_2020,
	title = {{EveOut}: {Reproducible} {Event} {Dataset} for {Studying} and {Analyzing} the {Complex} {Event}-{Outlet} {Relationship}},
	journal = {Information Society},
	author = {Swati, Tomaž Erjavec and , Dunja Mladenić},
	year = {2020}	
}

@inproceedings{gulla_adressa_2017,
	address = ACM-ADDR,
	title = {The {Adressa} {Dataset} for {News} {Recommendation}},
	doi = {10.1145/3106426.3109436},
	booktitle = WI,
	publisher = ACM,
	author = {Gulla, Jon Atle and Zhang, Lemei and Liu, Peng and Özgöbek, Özlem and Su, Xiaomeng},
	month = aug,
	year = {2017},
	pages = {1042--1048},
}

@inproceedings{wu_neural_2019,
	title = {Neural {News} {Recommendation} with {Attentive} {Multi}-{View} {Learning}},
	author={Wu, Chuhan and Wu, Fangzhao and An, Mingxiao and Huang, Jianqiang and Huang, Yongfeng and Xie, Xing},
	booktitle=IJCAI,
	publisher = AAAIPub,
	address = AAAIPub-ADDR,
	year={2019}	
}

@article{ji_visual_2019,
	title = {Visual {Exploration} of {Neural} {Document} {Embedding} in {Information} {Retrieval}: {Semantics} and {Feature} {Selection}},
	volume = {25},
	doi = {10.1109/TVCG.2019.2903946},
	number = {6},
	journal = TVCG,
	author = {Ji, Xiaonan and Shen, Han-Wei and Ritter, Alan and Machiraju, Raghu and Yen, Po-Yin},
	month = jun,
	year = {2019},
	pages = {2181--2192},
	publisher=IEEE,
	address= IEEE-ADDR,
}

@inproceedings{dai_deeper_2019,
	address = ACM-ADDR,
	title = {Deeper {Text} {Understanding} for {IR} with {Contextual} {Neural} {Language} {Modeling}},
	doi = {10.1145/3331184.3331303},
	booktitle = SIGIR,
	publisher = ACM,
	author = {Dai, Zhuyun and Callan, Jamie},
	month = jul,
	year = {2019},
	pages = {985--988},
}

@inproceedings{mackenzie_cc-news-en_2020,
	title = {{CC}-{News}-{En}: {A} {Large} {English} {News} {Corpus}},
	doi = {10.1145/3340531.3412762},
	booktitle = CIKM,
	publisher=ACM,
	address = ACM-ADDR,
	author = {Mackenzie, Joel and Benham, Rodger and Petri, Matthias and Trippas, Johanne R. and Culpepper, J. Shane and Moffat, Alistair},
	month = oct,
	year = {2020},
	pages = {3077--3084},
}

@inproceedings{vajjala_improving_2012,
	title = {On {Improving} the {Accuracy} of {Readability} {Classification} using {Insights} from {Second} {Language} {Acquisition}},
	author = {Vajjala, Sowmya and Meurers, Detmar},
	booktitle={Proceedings of the Workshop on Building Educational Applications using NLP},
	pages={163--173},
	year={2012},
	address=ACLPub-ADDR,
	publisher=ACLPub
}

@article{rhodes_author_2015,
	title = {Author {Attribution} with {CNN}’s},
	author = {Rhodes, Dylan},
	year = {2015},
}

@inproceedings{sage_investigating_2020,
	title = {Investigating the {Inﬂuence} of {Selected} {Linguistic} {Features} on {Authorship} {Attribution} using {German} {News} {Articles}},
	author = {Sage, Manuel and Cruciata, Pietro and Abdo, Raed and Cheung, Jackie Chi Kit and Zhao, Yaoyao Fiona},
	booktitle={Proceedings of the SwissText and KONVENS Joint Conference},
	year = {2020},	
}

@incollection{brusilovsky_content-based_2007,
	address = Springer-ADDR,
	title = {Content-{Based} {Recommendation} {Systems}},
	author={Pazzani, Michael J and Billsus, Daniel},
	booktitle={The Adaptive Web},
	pages={325--341},
	year={2007},
	publisher= Springer
}

@article{coulter_construction_2009,
	title = {The {Construction} {Zone}: {Literary} {Elements} in {Narrative} {Research}},
	volume = {38},
	doi = {10.3102/0013189X09353787},
	number = {8},
	journal = {Educational Researcher},
	author = {Coulter, Cathy A. and Smith, Mary Lee},
	month = nov,
	year = {2009},
	pages = {577--590},
}

@article{zhang_organizing_2016,
	title = {Organizing {Books} and {Authors} by {Multilayer} {SOM}},
	author={Zhang, Haijun and Chow, Tommy WS and Wu, QM Jonathan},
	journal={IEEE Transactions on Neural Networks and Learning Systems},
	volume={27},
	number={12},
	pages={2537--2550},
	year={2015},
	publisher=IEEE,
	address= IEEE-ADDR,
}

@inproceedings{wu_neural_2019-1,
	address = ACLPub-ADDR,
	title = {Neural {News} {Recommendation} with {Multi}-{Head} {Self}-{Attention}},
	doi = {10.18653/v1/D19-1671},
	booktitle = {Proceedings of the {Conference} on {Empirical} {Methods} in {Natural} {Language} {Processing} and the {International} {Joint} {Conference} on {Natural} {Language} {Processing} ({EMNLP}-{IJCNLP})},
	publisher = ACLPub,
	author = {Wu, Chuhan and Wu, Fangzhao and Ge, Suyu and Qi, Tao and Huang, Yongfeng and Xie, Xing},
	year = {2019},
	pages = {6388--6393}
}

@book{bellman_dynamic_2003,
	title = {Dynamic {Programming}},
	publisher = DoverPub,
	address={Mineola, NY, USA},
	author = {Bellman, R.E.},
	year = {2003}
}

@article{li_survey_2018,
	title = {A {Survey} of {Multi}-{View} {Representation} {Learning}},
	author = {Li, Yingming and Yang, Ming and Zhang, Zhongfei},
	journal=TKDE,
	volume={31},
	number={10},
	pages={1863--1883},
	year={2018},
	publisher=IEEE,
	address= IEEE-ADDR,	
}

@article{beltagy_longformer_2020,
	title = {Longformer: {The} {Long}-{Document} {Transformer}},
	journal={arXiv preprint},
	volume = {2004.05150},
	author = {Beltagy, Iz and Peters, Matthew E. and Cohan, Arman},
	month = apr,
	year = {2020},
	pages={1--17}
}

@inproceedings{gupta_p-sif_2020,
	title = {P-{SIF}: {Document} {Embeddings} {Using} {Partition} {Averaging}},
	author={Gupta, Vivek and Saw, Ankit and Nokhiz, Pegah and Netrapalli, Praneeth and Rai, Piyush and Talukdar, Partha},
	booktitle = AAAI,
	publisher = AAAIPub,
	address = AAAIPub-ADDR,
	volume={34},
	issue={05},
	pages={7863--7870},
	year={2020}
}

@inproceedings{hettinger_genre_2015,
	address = IEEE-ADDR,
	title = {Genre {Classification} on {German} {Novels}},
	doi = {10.1109/DEXA.2015.62},
	booktitle = {{International} {Workshop} on {Database} and {Expert} {Systems} {Applications} ({DEXA})},
	publisher = IEEE,
	author = {Hettinger, Lena and Becker, Martin and Reger, Isabella and Jannidis, Fotis and Hotho, Andreas},
	month = sep,
	year = {2015},
	pages = {249--253},
}

@book{goethe_west-ostlicher_1819,
	title = {West-Östlicher {Divan}},
	publisher = {Reclam},
	address = {Ditzingen, Germany},
	author = {Goethe, Johann Wolfgang von},
	year = {1819}
}

@misc{bowker_self-publishing_2019,
	title = {Self-{Publishing} in the {United} {States}, 2013-2018. {Print} and {Ebooks}.},
	url = {https://media2.proquest.com/documents/bowker-selfpublishing-report2019.pdf},
	urldate = {2021-01-06},
	author = {Bowker},
	year = {2019},
}

@misc{lippmann_buchproduktion_2019,
	title = {Buchproduktion},
	url = {https://www.boersenverein.de/markt-daten/marktforschung/wirtschaftszahlen/buchproduktion},
	urldate = {2021-01-06},
	journal = {boersenverein.de},
	author = {Lippmann, Jana and Bechler, Nora},
	year = {2019},
}

@article{jozefowicz_exploring_2016,
	title = {Exploring the {Limits} of {Language} {Modeling}},
	journal= {arXiv preprint arXiv:1602.02410},
	author = {Jozefowicz, Rafal and Vinyals, Oriol and Schuster, Mike and Shazeer, Noam and Wu, Yonghui},
	month = feb,
	year = {2016},	
}

@inproceedings{povey_kaldi_2011,
	title = {The {Kaldi} {Speech} {Recognition} {Toolkit}},
	journal = {Infoscience},
	author={Povey, Daniel and Ghoshal, Arnab and Boulianne, Gilles and Burget, Lukas and Glembek, Ondrej and Goel, Nagendra and Hannemann, Mirko and Motlicek, Petr and Qian, Yanmin and Schwarz, Petr and others},
	booktitle={IEEE Workshop on Automatic Speech Recognition and Understanding},
	number={CONF},
	year={2011},
	publisher={IEEE Signal Processing Society},
	address= IEEE-ADDR,
	pages={1--4}
}

@inproceedings{liu_text_2019,
	title = {Text {Summarization} with {Pretrained} {Encoders}},
	author = {Liu, Yang and Lapata, Mirella},
	booktitle = "Proceedings of the Conference on Empirical Methods in Natural Language Processing and the International Joint Conference on Natural Language Processing (EMNLP-IJCNLP)",
	publisher = ACLPub,
	address = ACLPub-ADDR,
	year={2019}
}

@article{dong_unified_2019,
	title = {Unified {Language} {Model} {Pre}-{Training} for {Natural} {Language} {Understanding} and {Generation}},
	author = {Dong, Li and Yang, Nan and Wang, Wenhui and Wei, Furu and Liu, Xiaodong and Wang, Yu and Gao, Jianfeng and Zhou, Ming and Hon, Hsiao-Wuen},
	year = {2019},
	journal={arXiv preprint arXiv:1905.03197}
}

@article{zhang_comparative_2011,
	title = {A {Comparative} {Study} of {TF}*{IDF}, {LSI} and {Multi}-{Words} for {Text} {Classification}},
	author={Zhang, Wen and Yoshida, Taketoshi and Tang, Xijin},
	journal={Expert Systems with Applications},
	volume={38},
	number={3},
	pages={2758--2765},
	year={2011},
	publisher=Elsevier,
	address=Elsevier-ADDR
}

@inproceedings{kim_multi-co-training_2019,
	title = {Multi-{Co}-{Training} for {Document} {Classification} {Using} {Various} {Document} {Representations}: {TF}–{IDF}, {LDA}, and {Doc2Vec}},
	author={Kim, Donghwa and Seo, Deokseong and Cho, Suhyoun and Kang, Pilsung},
	booktitle={Information Sciences},
	volume={477},
	pages={15--29},
	year={2019},
	publisher=Elsevier,
	address=Elsevier-ADDR
}

@inproceedings{anvari_book2vec_2018,
	address = IEEE-ADDR,
	title = {{Book2Vec}: {Representing} {Books} in {Vector} {Space} {Without} {Using} the {Contents}},
	doi = {10.1109/ICCKE.2018.8566329},
	booktitle = {Proceedings of the {International} {Conference} on {Computer} and {Knowledge} {Engineering} ({ICCKE})},
	publisher = IEEE,
	author = {Anvari, Soraya and Amirkhani, Hossein},
	month = oct,
	year = {2018},
	pages = {176--182},
	
}

@inproceedings{maharjan_multi-task_2017,
	address = ACLPub-ADDR,
	title = {A {Multi}-{Task} {Approach} to {Predict} {Likability} of {Books}},
	doi = {10.18653/v1/E17-1114},
	booktitle = ACL,
	publisher = ACLPub,
	author = {Maharjan, Suraj and Arevalo, John and Montes, Manuel and González, Fabio A. and Solorio, Thamar},
	year = {2017},
	pages = {1217--1227},
}

@article{barkan_item2vec_2016,
	address = IEEE-ADDR,
	title = {{ITEM2VEC}: {Neural} {Item} {Embedding} for {Collaborative} {Filtering}},
	doi = {10.1109/MLSP.2016.7738886},
	journal = {{IEEE} {International} {Workshop} on {Machine} {Learning} for {Signal} {Processing} ({MLSP})},
	publisher = IEEE,
	author = {Barkan, Oren and Koenigstein, Noam},
	month = sep,
	year = {2016},
	pages = {1--6},
}

@article{fedus_switch_2021,
	title = {Switch {Transformers}: {Scaling} to {Trillion} {Parameter} {Models} with {Simple} and {Efficient} {Sparsity}},
	journal={arXiv preprint arXiv:2101.03961},
	author = {Fedus, William and Zoph, Barret and Shazeer, Noam},
	month = jan,
	year = {2021},
}

@inproceedings{neelakantan_efficient_2014,
	address = ACLPub-ADDR,
	title = {Efficient {Non}-{Parametric} {Estimation} of {Multiple} {Embeddings} per {Word} in {Vector} {Space}},
	booktitle = EMNLP,
	publisher = ACLPub,
	author = {Neelakantan, Arvind and Shankar, Jeevan and Passos, Alexandre and McCallum, Andrew},
	year = {2014},
	pages = {1059--1069},
	
}

@inproceedings{benton_learning_2016,
	address = ACLPub-ADDR,
	title = {Learning {Multiview} {Embeddings} of {Twitter} {Users}},
	doi = {10.18653/v1/P16-2003},
	booktitle = ACL,
	publisher = ACLPub,
	author = {Benton, Adrian and Arora, Raman and Dredze, Mark},
	year = {2016},
	pages = {14--19},
	
}

@inproceedings{athiwaratkun_multimodal_2019,
	title = {Multimodal {Word} {Distributions}},
	booktitle=ACL,
	author = {Athiwaratkun, Ben and Wilson, Andrew Gordon},
	address=ACLPub-ADDR,
	publisher=ACLPub,
	month = sep,
	year = {2019}	
}

@inproceedings{chen_deepcape_2018,
	title = {{DeepCAPE}: a {Deep} {Convolutional} {Neural} {Network} for the {Accurate} {Prediction} of {Enhancers}},
	author = {Chen, Shengquan and Gan, Mingxin and Lv, Hairong and Jiang, Rui},
	booktitle={Genomics, Proteomics \& Bioinformatics},
	year={2021},
	publisher=Elsevier,
	address=Elsevier-ADDR,
	pages={1--26}
}

@inproceedings{yang_multi-facet_2018,
	title = {Multi-{Facet} {Network} {Embedding}: {Beyond} the {General} {Solution} of {Detection} and {Representation}},
	author = {Yang, Liang and Guo, Yuanfang and Cao, Xiaochun},
	booktitle = AAAI,
	publisher = AAAIPub,
	address = AAAIPub-ADDR,
	volume={32},
	number={1},
	year={2018}
}

@inproceedings{liu_is_2019,
	title = {Is a {Single} {Vector} {Enough}? {Exploring} {Node} {Polysemy} for {Network} {Embedding}},
	doi = {10.1145/3292500.3330967},
	booktitle=KDD,
	author = {Liu, Ninghao and Tan, Qiaoyu and Li, Yuening and Yang, Hongxia and Zhou, Jingren and Hu, Xia},
	month = jul,
	year = {2019},
	pages = {932--940},
	publisher=ACM,
	address = ACM-ADDR
}

@inproceedings{perozzi_deepwalk_2014,
	title = {{DeepWalk}: {Online} {Learning} of {Social} {Representations}},
	author={Perozzi, Bryan and Al-Rfou, Rami and Skiena, Steven},
	booktitle=KDD,
	pages={701--710},
	year={2014},
	address=ACM-ADDR,
	publisher=ACM
}

@inproceedings{rettig_fusing_2019,
	title = {Fusing {Vector} {Space} {Models} for {Domain}-{Specific} {Applications}},
	author={Rettig, Laura and Audiffren, Julien and Cudr{\'e}-Mauroux, Philippe},
	booktitle={Proceedings of the IEEE International Conference on Tools with Artificial Intelligence (ICTAI)},
	pages={1110--1117},
	year={2019},
	publisher = IEEE,
	address = IEEE-ADDR,
	doi       = {10.1109/ICTAI.2019.00155}
}

@article{khalifa_will_2020,
	title = {Will {Your} {Forthcoming} {Book} be {Successful}? {Predicting} {Book} {Success} with {CNN} and {Readability} {Scores}},
	author={Khalifa, Muhammad and Islam, Aminul},
	journal={arXiv preprint},
	volume={2007.11073},
	pages={1--9},
	year={2020}
}

@inproceedings{maharjan_letting_2018,
	title = {Letting {Emotions} {Flow}: {Success} {Prediction} by {Modeling} the {Flow} of {Emotions} in {Books}},
	doi = {10.18653/v1/N18-2042},
	booktitle = NAACL,
	publisher = ACLPub,
	address = ACLPub-ADDR,
	author = {Maharjan, Suraj and Kar, Sudipta and Montes, Manuel and Gonzalez, Fabio A. and Solorio, Thamar},
	year = {2018},
	pages = {259--265},
}

@inproceedings{grayson_novel2vec_2016,
	title = {{Novel2Vec}: {Characterising} 19th {Century} {Fiction} via {Word} {Embeddings}},
	author = {Grayson, Siobh{\'a}n and Mulvany, Maria and Wade, Karen and Meaney, Gerardine and Greene, Derek},
	year = {2016},
	booktitle={Proceedings of the Irish Conference on Artificial Intelligence and Cognitive Science (AICS)},
	address={Aachen, Germany},
	publisher={CEUR Workshop Proceedings},
	pages={1--12}
}

@inproceedings{lee_story_2020,
	title = {Story {Embedding}: {Learning} {Distributed} {Representations} of {Stories} based on {Character} {Networks} ({Extended} {Abstract})},
	doi = {10.24963/ijcai.2020/709},
	booktitle = IJCAI,
	publisher = AAAIPub,
	address = AAAIPub-ADDR,
	author = {Lee, O-Joun and Jung, Jason J.},
	month = jul,
	year = {2020},
	pages = {5070--5074},
	
}

@inproceedings{callaway_narrative_2002,
	title = {Narrative {Prose} {Generation}},
	author={Callaway, Charles B. and Lester, James C.},
	booktitle=AI,
	volume={139},
	number={2},
	pages={213--252},
	year={2002},
	publisher=Elsevier,
	address=Elsevier-ADDR
}

@inproceedings{mani_computational_2012,
	title = {Computational {Modeling} of {Narrative}},
	author={Mani, Inderjeet},
	booktitle={Synthesis Lectures on Human Language Technologies},
	volume={5},
	number={3},
	pages={1--142},
	year={2012},
	publisher={Morgan \& Claypool Publishers},
	address={San Rafael, CA, USA}
}

@inproceedings{jung_computational_2017,
	title = {A {Computational} {Model} of {Transmedia} {Ecosystem} for {Story}-{Based} {Contents}},
	author = {Jung, Jai E. and Lee, O-Joun and You, Eun-Soon and Nam, Myoung-Hee},
	booktitle={Multimedia Tools and Applications},
	volume={76},
	number={8},
	pages={10371--10388},
	year={2017},
	publisher= Springer,
	address = Springer-ADDR,
}

@article{labatut_extraction_2019,
	title = {Extraction and {Analysis} of {Fictional} {Character} {Networks}: {A} {Survey}},
	author = {Labatut, Vincent and Bost, Xavier},
	journal = CSUR,
	volume = {52},
	number = {5},
	pages = {1--40},
	year = {2019}
}

@inproceedings{gao_multiscale_2016,
	title = {A {Multiscale} {Theory} for the {Dynamical} {Evolution} of {Sentiment} in {Novels}},
	booktitle={Proceedings of the International Conference on Behavioral, Economic and Socio-{Cultural} Computing (BESC)},
	doi = {10.1109/BESC.2016.7804470},
	author = {Gao, Jianbo and Jockers, Matthew and Laudun, John and Tangherlini, Timothy},
	month = nov,
	year = {2016},
	pages = {1--4},
	publisher = IEEE,
	address = IEEE-ADDR,
}

@article{gunning_fog_1969,
	title = {The {Fog} {Index} {After} {Twenty} {Years}},
	volume = {6},
	doi = {10.1177/002194366900600202},
	number = {2},
	journal = {Journal of Business Communication},
	author = {Gunning, Robert},
	month = jan,
	year = {1969},
	pages = {3--13},
}

@inproceedings{gittens_skip-gram_2017,
	address = ACLPub-ADDR,
	title = {Skip-{Gram} - {Zipf} + {Uniform} = {Vector} {Additivity}},
	doi = {10.18653/v1/P17-1007},
	booktitle = ACL,
	publisher = ACLPub,
	author = {Gittens, Alex and Achlioptas, Dimitris and Mahoney, Michael W.},
	month = jul,
	year = {2017},
	pages = {69--76},
}


%%%%%%%%%%%%%%%%%%%%%%%%%%%%%%%%%%%%%%

@misc{flesch2007flesch,
	title={How to Write Plain English},
	author={Flesch, Rudolf},
	volume={26},
	number={2007},
	year={2016},
	url={https://web.archive.org/web/20160712094308/http://www.mang.canterbury.ac.nz/writing_guide/writing/flesch.shtml},
	urldate={2021-03-03}
}


@inproceedings{jiang2018enriching,
	title={Enriching {Word} {Embeddings} with {Domain} {Knowledge} for {Readability} {Assessment}},
	author={Jiang, Zhiwei and Gu, Qing and Yin, Yafeng and Chen, Daoxu},
	booktitle=COLING,
	pages={366--378},
	year={2018},
	address=ACLPub-ADDR,
	publisher=ACLPub
}

@inproceedings{stroetgenmultilingual2013,
	author = {Str\"{o}tgen, Jannik and Gertz, Michael},
	title = {Multilingual and {Cross}-{Domain} {Temporal} {Tagging}},
	booktitle = {Language Resources and Evaluation},
	doi = {10.1007/s10579-012-9179-y},
	year = {2013},
	volume = {47},
	pages = {269--298},
	issue = {2},
	publisher= Springer,
	address = Springer-ADDR,
}

@inproceedings{zhang_organizing_2015,
	author = {Zhang, Haijun and Chow, Tommy},
	year = {2015},
	pages = {1-14},
	title = {Organizing {Books} and {Authors} by {Multilayer} {SOM}},
	volume = {27},
	booktitle = {IEEE Transactions on Neural Networks and Learning Systems},
	doi = {10.1109/TNNLS.2015.2496281},
	publisher = IEEE,
	address = IEEE-ADDR,
}

@inproceedings{arisoy2012deep,
	title={Deep {Neural} {Network} {Language} {Models}},
	author={Arisoy, Ebru and Sainath, Tara N and Kingsbury, Brian and Ramabhadran, Bhuvana},
	booktitle = NAACL,
	publisher = ACLPub,
	address = ACLPub-ADDR,
	pages={20--28},
	year={2012},
}

@inproceedings{schwenk2012large,
	title={Large, {Pruned} or {Continuous} {Space} {Language} {Models} on a {GPU} for {Statistical} {Machine} {Translation}},
	author={Schwenk, Holger and Rousseau, Anthony and Attik, Mohammed},
	booktitle={Proceedings of the NAACL-HLT Workshop: Will We Ever Really Replace the N-{Gram} Model? On the Future of Language Modeling for HLT},
	publisher = ACLPub,
	address = ACLPub-ADDR,
	pages={11--19},
	year={2012}
}

@inproceedings{vaswani2013decoding,
	title={Decoding with {Large}-{Scale} {Neural} {Language} {Models} {Improves} {Translation}},
	author={Vaswani, Ashish and Zhao, Yinggong and Fossum, Victoria and Chiang, David},
	booktitle=EMNLP,
	pages={1387--1392},
	year={2013},
	address=ACLPub-ADDR,
	publisher=ACLPub
}

@inproceedings{rush2015neural,
	title={A {Neural} {Attention} {Model} for {Abstractive} {Sentence} {Summarization}},
	author={Rush, Alexander M and Chopra, Sumit and Weston, Jason},
	booktitle=EMNLP,
	publisher=ACLPub,
	address=ACLPub-ADDR,
	year={2015}
}

@inproceedings{filippova2015sentence,
	title={Sentence {Compression} by {Deletion} with {LSTMs}},
	author={Filippova, Katja and Alfonseca, Enrique and Colmenares, Carlos A and Kaiser, {\L}ukasz and Vinyals, Oriol},
	booktitle=EMNLP,
	pages={360--368},
	year={2015},
	address=ACLPub-ADDR,
	publisher=ACLPub
}

@inproceedings{lebret2016neural,
	title={Neural {Text} {Generation} from {Structured} {Data} with {Application} to the {Biography} {Domain}},
	author={Lebret, R{\'e}mi and Grangier, David and Auli, Michael},
	booktitle = EMNLP,
	publisher = ACLPub,
	address = ACLPub-ADDR,
	year={2016}
}

@article{fedus2018maskgan,
	title={MaskGAN: Better {Text} {Generation} via {Filling} in the\_},
	author={Fedus, William and Goodfellow, Ian and Dai, Andrew M},
	journal={arXiv preprint arXiv:1801.07736},
	year={2018}
}

@book{haas_1958, 
	title={J.R. Firth: {Papers} in {Linguistics}, 1934-1951},
	author={Firth, J.R.},
	year={1957},
	publisher=OxfordPress,
	address={Oxford, England, UK}	
}

@book{bellman2015adaptive,
	title={Adaptive {Control} {Processes}: a {Guided} {Tour}},
	author={Bellman, Richard E},
	volume={2045},
	year={2015},
	publisher={Princeton University Press},
	address={Princeton, NJ, USA}
}

@inproceedings{peters2018deep,
	author={Peters, Matthew E. and  Neumann, Mark and Iyyer, Mohit and Gardner, Matt and Clark, Christopher and Lee, Kenton and Zettlemoyer, Luke},
	title={Deep {Contextualized} {Word} {Representations}},
	booktitle=NAACL,
	pages={2227--2237},
	year={2018},
	publisher = ACLPub,
	address = ACLPub-ADDR,
}

@inproceedings{kusner2015word,
	title={From {Word} {Embeddings} to {Document} {Distances}},
	author={Kusner, Matt and Sun, Yu and Kolkin, Nicholas and WeinTger, Kilian},
	booktitle=ICML,
	pages={957--966},
	year={2015},
	publisher=PMLR,
	address=PMLR-ADDR
}

@article{blei2003latent,
	title={Latent {Dirichlet} {Allocation}},
	author={Blei, David M and Ng, Andrew Y and Jordan, Michael I},
	journal={The Journal of Machine Learning Research},
	volume={3},
	pages={993--1022},
	year={2003}
}

@inproceedings{nenkova2011automatic,
	title={Automatic {Summarization}},
	author={Nenkova, Ani and McKeown, Kathleen},
	year={2011},
	booktitle={Foundations and Trends® in Information Retrieval},
	volume={5},
	pages={103--233},
	publisher={Now Publishers},
	address={Boston, MA, USA}
}

@inproceedings{mihalcea2004textrank,
	title={Textrank: {Bringing} {Order} into {Text}},
	author={Mihalcea, Rada and Tarau, Paul},
	booktitle=EMNLP,
	pages={404--411},
	year={2004},
	address=ACLPub-ADDR,
	publisher=ACLPub
}


@misc{fischer_corpus_2017,
	title = {Corpus of {German}-{Language} {Fiction}},
	url = {/articles/dataset/Corpus\_of\_German-Language\_Fiction\_txt\_/4524680/1},
	urldate = {2021-02-01},
	doi = {10.6084/m9.figshare.4524680.v1},	
	author = {Fischer, Frank and Str\"{o}tgen, Jannik},
	month = jan,
	year = {2017},
	publisher = {figshare}	
}

@misc{berlin-brandenburgischen_akademie_der_wissenschaften_deutsches_2021,
	title = {{Grundlage} f\"ur ein {Referenzkorpus} der neuhochdeutschen {Sprache}.},
	url = {https://www.deutschestextarchiv.de/},
	urldate = {2021-02-08},
	author = {{Deutsches Textarchiv}},
	journal = {Deutsches Textarchiv},
	organization = {Berlin-Brandenburgischen Akademie der Wissenschaften},
	year = {2021},
}

@inproceedings{hamp1997germanet,
	title={{GermaNet} - {A} {Lexical}-{Semantic} {Net} for {German}},
	author={Hamp, Birgit and Feldweg, Helmut},
	booktitle={Automatic Information Extraction and Building of Lexical Semantic Resources for NLP Applications},
	year={1997},
	pages={9--15},
	issue={W97-08},
	publisher=ACLPub,
	address=ACLPub-ADDR
}

@inproceedings{henrich2010gernedit,
	title={GernEdiT - {The} {GermaNet} {Editing} {Tool}.},
	author={Henrich, Verena and Hinrichs, Erhard W},
	booktitle=LREC,
	pages={19--24},
	year={2010},
	address=ACLPub-ADDR,
	publisher=ACLPub
}

misc{fellbaum2010wordnet,
	title={About {WordNet}.},
	author={Princeton University},
	year={2010}
}

@book{fellbaum2010wordnet,
	title={WordNet: {An} {Electronic} {Lexical} {Database}},
	author={Miller, George A.},
	year={1998},
	publisher=MIT,
	address=MIT-ADDR
}

@misc{honnibal2020spacy,
	author = {Honnibal, Matthew and Montani, Ines and Van Landeghem, Sofie and Boyd, Adriane},
	title = {{spaCy: Industrial-{Strength} Natural Language Processing in Python}},
	year = 2020,
	publisher = {Explosion AI},
	doi = {10.5281/zenodo.1212303},
	url = {https://spacy.io/},
	urldate = {2021-02-08},
}

@inproceedings{rehurek_lrec,
	title = {{Software Framework for Topic Modelling with Large Corpora}},
	author = {Radim {\v R}eh{\r u}{\v r}ek and Petr Sojka},
	booktitle = {{Proceedings of the LREC  Workshop on New
	Challenges for NLP Frameworks}},
	pages = {45--50},
	year = 2010,
	month = May,
	day = 22,
	publisher = {ELRA},
	address = {Valletta, Malta},
}

@inproceedings{reimers-2019-sentence-bert,
	title = {Sentence-{BERT}: {Sentence} {Embeddings} using {Siamese} {BERT}-{Networks}},
	author = {Reimers, Nils and Gurevych, Iryna},
	booktitle=EMNLP,
	year={2019},
	publisher=ACLPub,
	address=ACLPub-ADDR,
	pages     = {3980--3990},
	doi       = {10.18653/v1/D19-1410}
}

@inproceedings{akbik2019flair,
	title={FLAIR: An {Easy-to-Use} {Framework} for {State-of-the-Art} {NLP}},
	author={Akbik, Alan and Bergmann, Tanja and Blythe, Duncan and Rasul, Kashif and Schweter, Stefan and Vollgraf, Roland},
	booktitle=NAACL,
	pages={54--59},
	year={2019},
	publisher = ACLPub,
	address = ACLPub-ADDR,
}

@article{liu2019roberta,
	title={RoBERTa: A {Robustly} {Optimized} {BERT} {Pretraining} {Approach}},
	author={Liu, Yinhan and Ott, Myle and Goyal, Naman and Du, Jingfei and Joshi, Mandar and Chen, Danqi and Levy, Omer and Lewis, Mike and Zettlemoyer, Luke and Stoyanov, Veselin},
	journal={arXiv preprint},
	volume={1907.11692},
	year={2019},
	pages={1--10}
}

@inproceedings{conneau2019cross,
	title = {Cross-{Lingual} {Language} {Model} {Pretraining}},
	author={Lample, Guillaume and Conneau, Alexis},
	 booktitle = NIPS,
	year={2019}	,
	publisher = {Curran Associates, Inc.},
	address   = {Red Hook, NY, USA},
	pages     = {7057--7067}
}

@inproceedings{bostock2011d3,
	title = {D3: {Data}-{Driven} {Documents}},
	author = {Bostock, Michael and Ogievetsky, Vadim and Heer, Jeffrey},
	booktitle = TVCG,
	year = {2011},
	publisher = IEEE,
	address = IEEE-ADDR,
	volume = {17},
	number = {12},
	pages = {2301–2309},
}

@article{department_of_computer_science_and_engineering_government_engineering_college_thrissur_india_text_2014,
	title = {Text {Classification} by {Augmenting} {Bag} of {Words} ({BOW}) {Representation} with {Co}-{Occurrence} {Feature}},
	volume = {16},
	doi = {10.9790/0661-16153438},
	number = {1},
	journal = {IOSR Journal of Computer Engineering},
	author = {{Department of Computer Science and Engineering, Government Engineering College, Thrissur, India} and George K, Soumya and Joseph, Shibily},
	year = {2014},
	pages = {34--38},
}

@article{kobak2021initialization,
	title={Initialization is {Critical} for {Preserving} {Global} {Data} {Structure} in both {t-SNE} and {UMAP}},
	author={Kobak, Dmitry and Linderman, George C},
	journal={Nature Biotechnology},
	volume={39},
	number={2},
	pages={156--157},
	year={2021},
	publisher={Nature Publishing Group}
}

@article{DBLP:journals/corr/abs-1904-10509,
	author    = {Rewon Child and
	Scott Gray and
	Alec Radford and
	Ilya Sutskever},
	title     = {Generating Long Sequences with Sparse Transformers},
	journal   = {arXiv preprint},
	volume = {1904.10509},
	year      = {2019}
}

@inproceedings{DBLP:conf/emnlp/QiuMLYW020,
	author    = {Jiezhong Qiu and
	Hao Ma and
	Omer Levy and
	Wen{-}tau Yih and
	Sinong Wang and
	Jie Tang},
	title     = {Blockwise Self-Attention for Long Document Understanding},
	booktitle = EMNLP,
	pages     = {2555--2565},
	publisher = ACLPub,
	address=ACLPub-ADDR,
	year      = {2020}
}
@inproceedings{DBLP:conf/iclr/KitaevKL20,
	author    = {Nikita Kitaev and
	Lukasz Kaiser and
	Anselm Levskaya},
	title     = {Reformer: The Efficient Transformer},
	booktitle = ICLR,
	publisher = {OpenReview.net},
	address   = {Amherst, MA, USA},
	year      = {2020},
	pages     = {1--12}
}
